<?xml version="1.0" encoding="UTF-8"?>
<!DOCTYPE html PUBLIC "-//W3C//DTD XHTML 1.0 Transitional//EN"
    "http://www.w3.org/TR/xhtml1/DTD/xhtml1-transitional.dtd">
<html xmlns="http://www.w3.org/1999/xhtml" xml:lang="en" lang="en">
 <head>
  <title>
</title>
<meta http-equiv="Content-Type" content="text/html;charset=utf-8" />
  <meta name='ocr-system' content='tesseract 3.04.00' />
  <meta name='ocr-capabilities' content='ocr_page ocr_carea ocr_par ocr_line ocrx_word'/>
</head>
<body>
  <div class='ocr_page' id='page_1' title='image "./notinaristophan00brungoog/notinaristophan00brungoog_0397.png"; bbox 0 0 2904 4908; ppageno 0'>
   <div class='ocr_carea' id='block_1_1' title="bbox 96 383 1238 533">
    <p class='ocr_par' dir='ltr' id='par_1_1' title="bbox 96 383 1238 533">
     <span class='ocr_line' id='line_1_1' title="bbox 96 383 1238 533; baseline 0.005 -41"><span class='ocrx_word' id='word_1_1' title='bbox 96 433 310 533; x_wconf 65' lang='lat' dir='ltr'><strong>vernon]</strong></span> <span class='ocrx_word' id='word_1_2' title='bbox 519 383 785 498; x_wconf 63' lang='lat' dir='ltr'><strong>Auerruncus.</strong></span> <span class='ocrx_word' id='word_1_3' title='bbox 843 424 845 428; x_wconf 82' lang='grc'><strong>’</strong></span> <span class='ocrx_word' id='word_1_4' title='bbox 941 426 944 435; x_wconf 82' lang='grc'>’</span> <span class='ocrx_word' id='word_1_5' title='bbox 1172 433 1238 510; x_wconf 73' lang='grc' dir='ltr'><strong><em>τεο·</em></strong></span> 
     </span>
    </p>
   </div>
   <div class='ocr_carea' id='block_1_2' title="bbox 86 593 1273 4606">
    <p class='ocr_par' dir='ltr' id='par_1_2' title="bbox 86 593 1273 4606">
     <span class='ocr_line' id='line_1_2' title="bbox 94 593 1232 660; baseline 0.004 -18"><span class='ocrx_word' id='word_1_6' title='bbox 94 595 213 659; x_wconf 81' lang='lat' dir='ltr'><strong>bendere,</strong></span> <span class='ocrx_word' id='word_1_7' title='bbox 235 611 335 660; x_wconf 87' lang='lat' dir='ltr'><strong>quorum</strong></span> <span class='ocrx_word' id='word_1_8' title='bbox 354 597 427 660; x_wconf 85' lang='lat' dir='ltr'><strong>culpa</strong></span> <span class='ocrx_word' id='word_1_9' title='bbox 448 595 535 646; x_wconf 81' lang='lat' dir='ltr'><strong>excidit</strong></span> <span class='ocrx_word' id='word_1_10' title='bbox 555 612 648 660; x_wconf 87' lang='lat' dir='ltr'><strong>praepo-</strong></span> <span class='ocrx_word' id='word_1_11' title='bbox 679 595 725 659; x_wconf 84' lang='lat' dir='ltr'><strong>jici</strong></span> <span class='ocrx_word' id='word_1_12' title='bbox 748 595 859 646; x_wconf 83' lang='lat' dir='ltr'><strong>debebat.</strong></span> <span class='ocrx_word' id='word_1_13' title='bbox 890 595 958 644; x_wconf 85' lang='lat' dir='ltr'><strong>Ordo</strong></span> <span class='ocrx_word' id='word_1_14' title='bbox 974 593 1036 643; x_wconf 84' lang='lat' dir='ltr'><strong>eninr</strong></span> <span class='ocrx_word' id='word_1_15' title='bbox 1054 597 1170 646; x_wconf 84' lang='lat' dir='ltr'><strong>naturalis</strong></span> <span class='ocrx_word' id='word_1_16' title='bbox 1186 607 1232 656; x_wconf 86' lang='lat' dir='ltr'><strong>est,</strong></span> 
     </span>
     <span class='ocr_line' id='line_1_3' title="bbox 96 659 1232 726; baseline 0.005 -19"><span class='ocrx_word' id='word_1_17' title='bbox 96 661 156 708; x_wconf 86' lang='lat' dir='ltr'><strong>sitio</strong></span> <span class='ocrx_word' id='word_1_18' title='bbox 175 663 241 709; x_wconf 79' lang='lat' dir='ltr'><strong>verbi</strong></span> <span class='ocrx_word' id='word_1_19' title='bbox 259 662 394 726; x_wconf 76' lang='lat' dir='ltr'><strong>compositi.</strong></span> <span class='ocrx_word' id='word_1_20' title='bbox 427 662 555 725; x_wconf 74' lang='lat' dir='ltr'>scripserat</span> <span class='ocrx_word' id='word_1_21' title='bbox 576 661 649 708; x_wconf 88' lang='lat' dir='ltr'><strong>comi·</strong></span> <span class='ocrx_word' id='word_1_22' title='bbox 682 659 733 710; x_wconf 78' lang='grc' dir='ltr'><strong><em>όπεΙ</em></strong></span> <span class='ocrx_word' id='word_1_23' title='bbox 754 659 798 710; x_wconf 87' lang='grc' dir='ltr'><strong>τδν</strong></span> <span class='ocrx_word' id='word_1_24' title='bbox 819 661 900 724; x_wconf 77' lang='grc' dir='ltr'><strong><em>ἔρανον</em></strong></span> <span class='ocrx_word' id='word_1_25' title='bbox 923 661 1094 724; x_wconf 82' lang='grc' dir='ltr'><strong><em>άναλάσαντες,</em></strong></span> <span class='ocrx_word' id='word_1_26' title='bbox 1117 660 1168 711; x_wconf 74' lang='grc' dir='ltr'><strong><em>εἶτα</em></strong></span> <span class='ocrx_word' id='word_1_27' title='bbox 1189 665 1232 714; x_wconf 78' lang='grc' dir='ltr'><strong>οόκ</strong></span> 
     </span>
     <span class='ocr_line' id='line_1_4' title="bbox 95 724 1232 792; baseline 0.004 -19"><span class='ocrx_word' id='word_1_28' title='bbox 95 739 151 782; x_wconf 83' lang='lat' dir='ltr'><strong>cus,</strong></span> <span class='ocrx_word' id='word_1_29' title='bbox 170 728 224 775; x_wconf 79' lang='lat' dir='ltr'><strong>treis</strong></span> <span class='ocrx_word' id='word_1_30' title='bbox 240 727 313 784; x_wconf 79' lang='grc' dir='ltr'><strong><em>καλή,</em></strong></span> <span class='ocrx_word' id='word_1_31' title='bbox 331 725 465 790; x_wconf 78' lang='grc' dir='ltr'><strong><em>περιέχουσ’</em></strong></span> <span class='ocrx_word' id='word_1_32' title='bbox 491 724 596 786; x_wconf 71' lang='grc' dir='ltr'><strong><em>ἰσχάδων</em></strong></span> <span class='ocrx_word' id='word_1_33' title='bbox 610 727 648 788; x_wconf 93' lang='grc' dir='ltr'><strong>όρ·</strong></span> <span class='ocrx_word' id='word_1_34' title='bbox 682 725 853 792; x_wconf 74' lang='grc' dir='ltr'><strong><em>άντεισφέρετε.</em></strong></span> <span class='ocrx_word' id='word_1_35' title='bbox 886 725 1042 772; x_wconf 85' lang='lat' dir='ltr'><strong>Observatum</strong></span> <span class='ocrx_word' id='word_1_36' title='bbox 1053 727 1097 773; x_wconf 87' lang='lat' dir='ltr'><strong>lruc</strong></span> <span class='ocrx_word' id='word_1_37' title='bbox 1110 727 1180 774; x_wconf 89' lang='lat' dir='ltr'><strong>Koen.</strong></span> <span class='ocrx_word' id='word_1_38' title='bbox 1200 729 1232 778; x_wconf 85' lang='lat' dir='ltr'><strong>ad</strong></span> 
     </span>
     <span class='ocr_line' id='line_1_5' title="bbox 95 787 1232 856; baseline 0.004 -19"><span class='ocrx_word' id='word_1_39' title='bbox 95 789 181 847; x_wconf 83' lang='grc' dir='ltr'><strong><em>μαθόν.</em></strong></span> <span class='ocrx_word' id='word_1_40' title='bbox 210 791 326 854; x_wconf 79' lang='lat' dir='ltr'>Agnoscis</span> <span class='ocrx_word' id='word_1_41' title='bbox 338 791 389 856; x_wconf 87' lang='lat' dir='ltr'><strong>jam</strong></span> <span class='ocrx_word' id='word_1_42' title='bbox 400 791 548 838; x_wconf 81' lang='lat' dir='ltr'><strong>suavissimos</strong></span> <span class='ocrx_word' id='word_1_43' title='bbox 560 791 647 854; x_wconf 72' lang='lat' dir='ltr'><strong>paroni·</strong></span> <span class='ocrx_word' id='word_1_44' title='bbox 682 791 789 839; x_wconf 83' lang='lat' dir='ltr'><strong>Corinth.</strong></span> <span class='ocrx_word' id='word_1_45' title='bbox 800 791 830 840; x_wconf 81' lang='lat' dir='ltr'><strong>de</strong></span> <span class='ocrx_word' id='word_1_46' title='bbox 841 789 906 838; x_wconf 86' lang='lat' dir='ltr'><strong>Dial.</strong></span> <span class='ocrx_word' id='word_1_47' title='bbox 923 789 947 853; x_wconf 82' lang='lat' dir='ltr'><strong>p.</strong></span> <span class='ocrx_word' id='word_1_48' title='bbox 959 795 999 839; x_wconf 80' lang='grc'><strong>02.</strong></span> <span class='ocrx_word' id='word_1_49' title='bbox 1019 787 1101 852; x_wconf 81' lang='grc'><strong>[146]</strong></span> <span class='ocrx_word' id='word_1_50' title='bbox 1116 791 1156 838; x_wconf 92' lang='lat' dir='ltr'><strong>ubi</strong></span> <span class='ocrx_word' id='word_1_51' title='bbox 1177 808 1232 842; x_wconf 88' lang='lat' dir='ltr'><strong>usus</strong></span> 
     </span>
     <span class='ocr_line' id='line_1_6' title="bbox 95 853 1236 919; baseline 0.004 -18"><span class='ocrx_word' id='word_1_52' title='bbox 95 869 139 902; x_wconf 86' lang='lat' dir='ltr'><strong>cos</strong></span> <span class='ocrx_word' id='word_1_53' title='bbox 155 869 272 903; x_wconf 85' lang='lat' dir='ltr'><strong>numeros.</strong></span> <span class='ocrx_word' id='word_1_54' title='bbox 296 855 438 919; x_wconf 80' lang='grc' dir='ltr'>περιέχουσα</span> <span class='ocrx_word' id='word_1_55' title='bbox 457 863 535 904; x_wconf 83' lang='lat' dir='ltr'><strong>autem</strong></span> <span class='ocrx_word' id='word_1_56' title='bbox 552 855 648 918; x_wconf 65' lang='lat' dir='ltr'><strong>praecise</strong></span> <span class='ocrx_word' id='word_1_57' title='bbox 681 855 803 917; x_wconf 84' lang='lat' dir='ltr'><strong>particulas</strong></span> <span class='ocrx_word' id='word_1_58' title='bbox 820 855 872 905; x_wconf 76' lang='grc' dir='ltr'><strong><em>εἶτα</em></strong></span> <span class='ocrx_word' id='word_1_59' title='bbox 888 861 941 918; x_wconf 88' lang='lat' dir='ltr'><strong>post</strong></span> <span class='ocrx_word' id='word_1_60' title='bbox 951 853 1076 917; x_wconf 82' lang='lat' dir='ltr'><strong>participia</strong></span> <span class='ocrx_word' id='word_1_61' title='bbox 1088 855 1178 904; x_wconf 90' lang='lat' dir='ltr'><strong>comico</strong></span> <span class='ocrx_word' id='word_1_62' title='bbox 1190 853 1236 906; x_wconf 52' lang='grc' dir='ltr'><strong>τά(</strong></span> 
     </span>
     <span class='ocr_line' id='line_1_7' title="bbox 94 918 1186 984; baseline 0.003 -20"><span class='ocrx_word' id='word_1_63' title='bbox 94 918 189 968; x_wconf 90' lang='lat' dir='ltr'><strong>dictum</strong></span> <span class='ocrx_word' id='word_1_64' title='bbox 201 921 264 967; x_wconf 84' lang='lat' dir='ltr'><strong>valet</strong></span> <span class='ocrx_word' id='word_1_65' title='bbox 280 921 370 982; x_wconf 86' lang='grc' dir='ltr'><strong><em>ἔχουσα</em></strong></span> <span class='ocrx_word' id='word_1_66' title='bbox 387 919 439 984; x_wconf 77' lang='grc' dir='ltr'><strong><em>περὶ</em></strong></span> <span class='ocrx_word' id='word_1_67' title='bbox 455 919 498 970; x_wconf 80' lang='grc' dir='ltr'><strong>τόν</strong></span> <span class='ocrx_word' id='word_1_68' title='bbox 516 919 647 982; x_wconf 82' lang='grc' dir='ltr'><strong><em>τράχηλον.</em></strong></span> <span class='ocrx_word' id='word_1_69' title='bbox 682 919 777 967; x_wconf 88' lang='lat' dir='ltr'><strong>modurn</strong></span> <span class='ocrx_word' id='word_1_70' title='bbox 789 921 908 968; x_wconf 77' lang='lat' dir='ltr'><strong>familiaris</strong></span> <span class='ocrx_word' id='word_1_71' title='bbox 918 919 1054 968; x_wconf 88' lang='lat' dir='ltr'><strong>illustratur.</strong></span> <span class='ocrx_word' id='word_1_72' title='bbox 1066 919 1186 968; x_wconf 80' lang='lat' dir='ltr'><strong>Bnuucrr.</strong></span> 
     </span>
     <span class='ocr_line' id='line_1_8' title="bbox 95 981 1232 1050; baseline 0.003 -19"><span class='ocrx_word' id='word_1_73' title='bbox 95 981 140 1030; x_wconf 85' lang='lat' dir='ltr'><strong>ln.</strong></span> <span class='ocrx_word' id='word_1_74' title='bbox 168 983 273 1044; x_wconf 83' lang='grc' dir='ltr'><strong><em>ι’σχάδων</em></strong></span> <span class='ocrx_word' id='word_1_75' title='bbox 299 983 406 1048; x_wconf 77' lang='grc' dir='ltr'><strong><em>ὁρμαθόν.</em></strong></span> <span class='ocrx_word' id='word_1_76' title='bbox 450 986 489 1032; x_wconf 88' lang='lat' dir='ltr'><strong>Sic</strong></span> <span class='ocrx_word' id='word_1_77' title='bbox 510 987 649 1050; x_wconf 81' lang='grc' dir='ltr'><strong><em>κριβανιτῶν</em></strong></span> <span class='ocrx_word' id='word_1_78' title='bbox 714 989 771 1033; x_wconf 78' lang='lat' dir='ltr'><strong>uuo.</strong></span> <span class='ocrx_word' id='word_1_79' title='bbox 788 983 832 1048; x_wconf 84' lang='grc' dir='ltr'><strong>δρα</strong></span> <span class='ocrx_word' id='word_1_80' title='bbox 842 981 951 1046; x_wconf 78' lang='grc' dir='ltr'><strong><em>γρυκτόν.</em></strong></span> <span class='ocrx_word' id='word_1_81' title='bbox 979 983 1008 1030; x_wconf 92' lang='lat' dir='ltr'><strong>Id</strong></span> <span class='ocrx_word' id='word_1_82' title='bbox 1030 991 1067 1030; x_wconf 86' lang='lat' dir='ltr'><strong>est</strong></span> <span class='ocrx_word' id='word_1_83' title='bbox 1088 982 1132 1045; x_wconf 79' lang='grc' dir='ltr'><strong>άρα</strong></span> <span class='ocrx_word' id='word_1_84' title='bbox 1150 984 1232 1050; x_wconf 71' lang='grc' dir='ltr'><strong><em>ηρόξαι</em></strong></span> 
     </span>
     <span class='ocr_line' id='line_1_9' title="bbox 93 1045 1236 1118; baseline 0.003 -23"><span class='ocrx_word' id='word_1_85' title='bbox 93 1047 198 1110; x_wconf 82' lang='grc' dir='ltr'><strong><em>δρμαθδε</em></strong></span> <span class='ocrx_word' id='word_1_86' title='bbox 207 1050 233 1096; x_wconf 91' lang='lat' dir='ltr'><strong>in</strong></span> <span class='ocrx_word' id='word_1_87' title='bbox 242 1049 307 1101; x_wconf 88' lang='lat' dir='ltr'><strong>Plut.</strong></span> <span class='ocrx_word' id='word_1_88' title='bbox 317 1055 374 1100; x_wconf 83' lang='grc'><strong><em>075.</em></strong></span> <span class='ocrx_word' id='word_1_89' title='bbox 386 1050 470 1098; x_wconf 85' lang='lat' dir='ltr'><strong>Bnno.</strong></span> <span class='ocrx_word' id='word_1_90' title='bbox 682 1046 792 1108; x_wconf 67' lang='lat' dir='ltr'><strong>intinere</strong></span> <span class='ocrx_word' id='word_1_91' title='bbox 806 1049 822 1109; x_wconf 79' lang='grc' dir='ltr'><strong><em>ή</em></strong></span> <span class='ocrx_word' id='word_1_92' title='bbox 839 1045 968 1112; x_wconf 75' lang='grc' dir='ltr'><strong><em>παρρησίαν</em></strong></span> <span class='ocrx_word' id='word_1_93' title='bbox 985 1047 1068 1109; x_wconf 59' lang='lat' dir='ltr'><strong>dysin</strong></span> <span class='ocrx_word' id='word_1_94' title='bbox 1085 1050 1135 1110; x_wconf 78' lang='lat' dir='ltr'><strong>An,</strong></span> <span class='ocrx_word' id='word_1_95' title='bbox 1146 1048 1236 1118; x_wconf 84' lang='lat' dir='ltr'><strong>inquit,</strong></span> 
     </span>
     <span class='ocr_line' id='line_1_10' title="bbox 131 1113 1233 1164; baseline 0.002 -2"><span class='ocrx_word' id='word_1_96' title='bbox 131 1117 188 1162; x_wconf 84' lang='grc'><strong><em>648.</em></strong></span> <span class='ocrx_word' id='word_1_97' title='bbox 204 1114 234 1160; x_wconf 83' lang='lat' dir='ltr'><strong>lu</strong></span> <span class='ocrx_word' id='word_1_98' title='bbox 245 1115 284 1163; x_wconf 85' lang='lat' dir='ltr'><strong>ud.</strong></span> <span class='ocrx_word' id='word_1_99' title='bbox 298 1113 359 1164; x_wconf 78' lang='lat' dir='ltr'><strong>Farr.</strong></span> <span class='ocrx_word' id='word_1_100' title='bbox 376 1123 438 1162; x_wconf 86' lang='lat' dir='ltr'><strong>recte</strong></span> <span class='ocrx_word' id='word_1_101' title='bbox 456 1113 524 1161; x_wconf 84' lang='lat' dir='ltr'><strong>deest</strong></span> <span class='ocrx_word' id='word_1_102' title='bbox 537 1113 578 1162; x_wconf 88' lang='lat' dir='ltr'><strong>hic</strong></span> <span class='ocrx_word' id='word_1_103' title='bbox 589 1113 648 1161; x_wconf 90' lang='lat' dir='ltr'><strong>Pro·</strong></span> <span class='ocrx_word' id='word_1_104' title='bbox 682 1115 803 1163; x_wconf 84' lang='lat' dir='ltr'><strong>musrundi</strong></span> <span class='ocrx_word' id='word_1_105' title='bbox 813 1129 906 1162; x_wconf 82' lang='lat' dir='ltr'><strong>rourum</strong></span> <span class='ocrx_word' id='word_1_106' title='bbox 916 1113 1008 1161; x_wconf 72' lang='lat' dir='ltr'><strong>doletis</strong></span> <span class='ocrx_word' id='word_1_107' title='bbox 1027 1119 1068 1161; x_wconf 83' lang='lat' dir='ltr'><strong>out</strong></span> <span class='ocrx_word' id='word_1_108' title='bbox 1085 1113 1182 1163; x_wconf 74' lang='lat' dir='ltr'><strong>liberius</strong></span> <span class='ocrx_word' id='word_1_109' title='bbox 1199 1117 1233 1164; x_wconf 84' lang='lat' dir='ltr'><strong>lo-</strong></span> 
     </span>
     <span class='ocr_line' id='line_1_11' title="bbox 94 1175 1234 1242; baseline 0.001 -18"><span class='ocrx_word' id='word_1_110' title='bbox 94 1177 153 1224; x_wconf 86' lang='lat' dir='ltr'><strong>buti·</strong></span> <span class='ocrx_word' id='word_1_111' title='bbox 170 1193 270 1241; x_wconf 86' lang='lat' dir='ltr'><strong>persona</strong></span> <span class='ocrx_word' id='word_1_112' title='bbox 286 1186 311 1226; x_wconf 86' lang='lat' dir='ltr'><strong>et</strong></span> <span class='ocrx_word' id='word_1_113' title='bbox 329 1195 352 1227; x_wconf 90' lang='grc' dir='ltr'><strong>τ.</strong></span> <span class='ocrx_word' id='word_1_114' title='bbox 373 1194 424 1242; x_wconf 84' lang='lat' dir='ltr'><strong>seq.</strong></span> <span class='ocrx_word' id='word_1_115' title='bbox 456 1185 507 1228; x_wconf 85' lang='lat' dir='ltr'><strong>XO.</strong></span> <span class='ocrx_word' id='word_1_116' title='bbox 528 1183 571 1226; x_wconf 72' lang='grc' dir='ltr'><strong>Π.</strong></span> <span class='ocrx_word' id='word_1_117' title='bbox 593 1193 648 1226; x_wconf 84' lang='lat' dir='ltr'><strong>nam</strong></span> <span class='ocrx_word' id='word_1_118' title='bbox 696 1178 784 1231; x_wconf 74' lang='lat' dir='ltr'><strong>uendi?</strong></span> <span class='ocrx_word' id='word_1_119' title='bbox 801 1177 846 1227; x_wconf 82' lang='lat' dir='ltr'><strong>Fu.</strong></span> <span class='ocrx_word' id='word_1_120' title='bbox 857 1177 926 1226; x_wconf 79' lang='lat' dir='ltr'><strong>Cur.</strong></span> <span class='ocrx_word' id='word_1_121' title='bbox 947 1175 991 1239; x_wconf 83' lang='grc' dir='ltr'><strong>άρά</strong></span> <span class='ocrx_word' id='word_1_122' title='bbox 1006 1193 1036 1237; x_wconf 76' lang='grc' dir='ltr'><strong><em>ηε</em></strong></span> <span class='ocrx_word' id='word_1_123' title='bbox 1053 1176 1120 1225; x_wconf 88' lang='lat' dir='ltr'><strong>Suid.</strong></span> <span class='ocrx_word' id='word_1_124' title='bbox 1138 1195 1161 1225; x_wconf 88' lang='lat' dir='ltr'><strong>r.</strong></span> <span class='ocrx_word' id='word_1_125' title='bbox 1180 1177 1234 1242; x_wconf 80' lang='grc' dir='ltr'><strong><em>άρα.</em></strong></span> 
     </span>
     <span class='ocr_line' id='line_1_12' title="bbox 94 1240 1233 1308; baseline 0.004 -20"><span class='ocrx_word' id='word_1_126' title='bbox 94 1243 178 1290; x_wconf 89' lang='lat' dir='ltr'><strong>omnia</strong></span> <span class='ocrx_word' id='word_1_127' title='bbox 197 1244 249 1291; x_wconf 76' lang='lat' dir='ltr'><strong>hac</strong></span> <span class='ocrx_word' id='word_1_128' title='bbox 266 1259 281 1291; x_wconf 91' lang='grc' dir='ltr'><strong>ιι</strong></span> <span class='ocrx_word' id='word_1_129' title='bbox 300 1244 371 1292; x_wconf 84' lang='lat' dir='ltr'><strong>choro</strong></span> <span class='ocrx_word' id='word_1_130' title='bbox 389 1243 511 1290; x_wconf 73' lang='lat' dir='ltr'>mulierum</span> <span class='ocrx_word' id='word_1_131' title='bbox 532 1243 648 1290; x_wconf 87' lang='lat' dir='ltr'><strong>dicuntur.</strong></span> <span class='ocrx_word' id='word_1_132' title='bbox 707 1249 717 1289; x_wconf 94' lang='lat' dir='ltr'><strong>t</strong></span> <span class='ocrx_word' id='word_1_133' title='bbox 735 1245 800 1306; x_wconf 84' lang='lat' dir='ltr'><strong>vulg.</strong></span> <span class='ocrx_word' id='word_1_134' title='bbox 816 1240 925 1308; x_wconf 78' lang='grc' dir='ltr'><strong><em>γρυκτόν.</em></strong></span> <span class='ocrx_word' id='word_1_135' title='bbox 944 1257 974 1303; x_wconf 75' lang='grc' dir='ltr'><strong><em>γε</em></strong></span> <span class='ocrx_word' id='word_1_136' title='bbox 992 1257 1040 1289; x_wconf 89' lang='lat' dir='ltr'><strong>om.</strong></span> <span class='ocrx_word' id='word_1_137' title='bbox 1057 1242 1124 1290; x_wconf 88' lang='lat' dir='ltr'><strong>Suid.</strong></span> <span class='ocrx_word' id='word_1_138' title='bbox 1140 1243 1191 1291; x_wconf 89' lang='grc' dir='ltr'><strong>Μι.</strong></span> <span class='ocrx_word' id='word_1_139' title='bbox 1209 1259 1233 1293; x_wconf 85' lang='lat' dir='ltr'><strong>v.</strong></span> 
     </span>
     <span class='ocr_line' id='line_1_13' title="bbox 93 1303 823 1370; baseline 0.005 -18"><span class='ocrx_word' id='word_1_140' title='bbox 93 1305 184 1354; x_wconf 85' lang='lat' dir='ltr'><strong>Bsno.</strong></span> <span class='ocrx_word' id='word_1_141' title='bbox 202 1307 264 1356; x_wconf 85' lang='lat' dir='ltr'><strong>Dels</strong></span> <span class='ocrx_word' id='word_1_142' title='bbox 280 1314 328 1356; x_wconf 83' lang='grc' dir='ltr'><strong>ΠΡ.</strong></span> <span class='ocrx_word' id='word_1_143' title='bbox 339 1315 364 1356; x_wconf 90' lang='lat' dir='ltr'><strong>et</strong></span> <span class='ocrx_word' id='word_1_144' title='bbox 373 1323 432 1354; x_wconf 86' lang='lat' dir='ltr'><strong>mox</strong></span> <span class='ocrx_word' id='word_1_145' title='bbox 441 1313 492 1358; x_wconf 86' lang='lat' dir='ltr'><strong>XO.</strong></span> <span class='ocrx_word' id='word_1_146' title='bbox 505 1312 548 1357; x_wconf 74' lang='grc' dir='ltr'><strong>Π.</strong></span> <span class='ocrx_word' id='word_1_147' title='bbox 566 1308 648 1355; x_wconf 84' lang='lat' dir='ltr'><strong>Bnur.</strong></span> <span class='ocrx_word' id='word_1_148' title='bbox 682 1303 734 1370; x_wconf 84' lang='grc' dir='ltr'><strong><em>δρα.</em></strong></span> <span class='ocrx_word' id='word_1_149' title='bbox 747 1308 823 1356; x_wconf 85' lang='grc' dir='ltr'><strong><em>Ροετ.</em></strong></span> 
     </span>
     <span class='ocr_line' id='line_1_14' title="bbox 94 1369 1233 1435; baseline 0.003 -18"><span class='ocrx_word' id='word_1_150' title='bbox 94 1369 211 1419; x_wconf 86' lang='lat' dir='ltr'><strong>Delenda</strong></span> <span class='ocrx_word' id='word_1_151' title='bbox 235 1387 334 1435; x_wconf 88' lang='lat' dir='ltr'><strong>persona</strong></span> <span class='ocrx_word' id='word_1_152' title='bbox 361 1373 465 1421; x_wconf 87' lang='lat' dir='ltr'><strong>Probuli.</strong></span> <span class='ocrx_word' id='word_1_153' title='bbox 498 1373 560 1420; x_wconf 85' lang='lat' dir='ltr'>Sunt</span> <span class='ocrx_word' id='word_1_154' title='bbox 584 1371 649 1419; x_wconf 88' lang='lat' dir='ltr'><strong>enim</strong></span> <span class='ocrx_word' id='word_1_155' title='bbox 714 1377 771 1421; x_wconf 74' lang='lat' dir='ltr'><strong>dol.</strong></span> <span class='ocrx_word' id='word_1_156' title='bbox 787 1371 882 1434; x_wconf 81' lang='grc' dir='ltr'><strong><em>άψήκτηι</em></strong></span> <span class='ocrx_word' id='word_1_157' title='bbox 900 1369 1004 1432; x_wconf 76' lang='grc' dir='ltr'><strong><em>πατάξω.</em></strong></span> <span class='ocrx_word' id='word_1_158' title='bbox 1030 1369 1173 1429; x_wconf 75' lang='lat' dir='ltr'>verberabo,</span> <span class='ocrx_word' id='word_1_159' title='bbox 1195 1373 1233 1420; x_wconf 91' lang='lat' dir='ltr'><strong>in·</strong></span> 
     </span>
     <span class='ocr_line' id='line_1_15' title="bbox 94 1435 1234 1501; baseline 0.005 -22"><span class='ocrx_word' id='word_1_160' title='bbox 94 1449 158 1482; x_wconf 83' lang='lat' dir='ltr'><strong>anus</strong></span> <span class='ocrx_word' id='word_1_161' title='bbox 169 1436 231 1498; x_wconf 84' lang='lat' dir='ltr'><strong>ejus,</strong></span> <span class='ocrx_word' id='word_1_162' title='bbox 251 1453 303 1501; x_wconf 84' lang='lat' dir='ltr'><strong>quas</strong></span> <span class='ocrx_word' id='word_1_163' title='bbox 321 1439 480 1500; x_wconf 63' lang='lat' dir='ltr'><strong>praecedentia</strong></span> <span class='ocrx_word' id='word_1_164' title='bbox 491 1437 560 1484; x_wconf 85' lang='lat' dir='ltr'><strong>dixit.</strong></span> <span class='ocrx_word' id='word_1_165' title='bbox 595 1439 649 1497; x_wconf 82' lang='lat' dir='ltr'><strong>Ego</strong></span> <span class='ocrx_word' id='word_1_166' title='bbox 682 1437 743 1498; x_wconf 92' lang='lat' dir='ltr'><strong>quit,</strong></span> <span class='ocrx_word' id='word_1_167' title='bbox 755 1452 828 1499; x_wconf 85' lang='lat' dir='ltr'><strong>genas</strong></span> <span class='ocrx_word' id='word_1_168' title='bbox 843 1447 896 1484; x_wconf 88' lang='lat' dir='ltr'><strong>tuas</strong></span> <span class='ocrx_word' id='word_1_169' title='bbox 912 1436 971 1483; x_wconf 88' lang='lat' dir='ltr'><strong>duro</strong></span> <span class='ocrx_word' id='word_1_170' title='bbox 986 1435 1154 1484; x_wconf 83' lang='lat' dir='ltr'><strong>calceamento.</strong></span> <span class='ocrx_word' id='word_1_171' title='bbox 1187 1435 1234 1486; x_wconf 88' lang='lat' dir='ltr'><strong>Est</strong></span> 
     </span>
     <span class='ocr_line' id='line_1_16' title="bbox 93 1497 1234 1566; baseline 0.003 -19"><span class='ocrx_word' id='word_1_172' title='bbox 93 1515 163 1560; x_wconf 72' lang='lat' dir='ltr'><strong>ergo,</strong></span> <span class='ocrx_word' id='word_1_173' title='bbox 186 1517 238 1564; x_wconf 75' lang='lat' dir='ltr'><strong>nuc</strong></span> <span class='ocrx_word' id='word_1_174' title='bbox 255 1507 291 1550; x_wconf 87' lang='lat' dir='ltr'><strong>tut</strong></span> <span class='ocrx_word' id='word_1_175' title='bbox 313 1503 412 1552; x_wconf 82' lang='grc' dir='ltr'><strong><em>Ιιοιιοτοε</em></strong></span> <span class='ocrx_word' id='word_1_176' title='bbox 432 1503 459 1551; x_wconf 85' lang='lat' dir='ltr'><strong>in</strong></span> <span class='ocrx_word' id='word_1_177' title='bbox 477 1501 557 1566; x_wconf 73' lang='lat' dir='ltr'><strong>patrio</strong></span> <span class='ocrx_word' id='word_1_178' title='bbox 573 1501 650 1564; x_wconf 82' lang='lat' dir='ltr'><strong>gessi,</strong></span> <span class='ocrx_word' id='word_1_179' title='bbox 682 1503 744 1548; x_wconf 81' lang='lat' dir='ltr'><strong>enim</strong></span> <span class='ocrx_word' id='word_1_180' title='bbox 761 1500 867 1563; x_wconf 70' lang='grc' dir='ltr'><strong><em>άψικτον</em></strong></span> <span class='ocrx_word' id='word_1_181' title='bbox 877 1500 982 1566; x_wconf 71' lang='grc' dir='ltr'><strong><em>σκληρόν</em></strong></span> <span class='ocrx_word' id='word_1_182' title='bbox 992 1497 1170 1558; x_wconf 76' lang='grc' dir='ltr'><strong><em>ειάμάλακτον.</em></strong></span> <span class='ocrx_word' id='word_1_183' title='bbox 1187 1499 1234 1550; x_wconf 75' lang='lat' dir='ltr'><strong>su.</strong></span> 
     </span>
     <span class='ocr_line' id='line_1_17' title="bbox 94 1563 1233 1632; baseline 0.002 -21"><span class='ocrx_word' id='word_1_184' title='bbox 94 1579 175 1614; x_wconf 86' lang='lat' dir='ltr'><strong>nonne</strong></span> <span class='ocrx_word' id='word_1_185' title='bbox 185 1567 255 1614; x_wconf 81' lang='lat' dir='ltr'><em>debeo</em></span> <span class='ocrx_word' id='word_1_186' title='bbox 273 1567 298 1614; x_wconf 87' lang='lat' dir='ltr'><strong>in</strong></span> <span class='ocrx_word' id='word_1_187' title='bbox 317 1567 523 1632; x_wconf 83' lang='lat' dir='ltr'><strong>compensationem</strong></span> <span class='ocrx_word' id='word_1_188' title='bbox 537 1566 582 1630; x_wconf 82' lang='lat' dir='ltr'><strong>ipsi</strong></span> <span class='ocrx_word' id='word_1_189' title='bbox 601 1567 648 1614; x_wconf 82' lang='lat' dir='ltr'><strong>nti·</strong></span> <span class='ocrx_word' id='word_1_190' title='bbox 682 1565 751 1614; x_wconf 80' lang='lat' dir='ltr'><strong>Cun-</strong></span> <span class='ocrx_word' id='word_1_191' title='bbox 772 1567 838 1614; x_wconf 87' lang='lat' dir='ltr'><strong>Suid.</strong></span> <span class='ocrx_word' id='word_1_192' title='bbox 855 1567 964 1630; x_wconf 75' lang='lat' dir='ltr'><strong>explains</strong></span> <span class='ocrx_word' id='word_1_193' title='bbox 975 1563 1070 1625; x_wconf 76' lang='grc' dir='ltr'><strong><em>ἀψήκτῳ</em></strong></span> <span class='ocrx_word' id='word_1_194' title='bbox 1085 1565 1111 1612; x_wconf 91' lang='lat' dir='ltr'><strong>in</strong></span> <span class='ocrx_word' id='word_1_195' title='bbox 1122 1565 1168 1612; x_wconf 86' lang='lat' dir='ltr'><strong>this</strong></span> <span class='ocrx_word' id='word_1_196' title='bbox 1178 1580 1233 1628; x_wconf 84' lang='lat' dir='ltr'><strong>pas·</strong></span> 
     </span>
     <span class='ocr_line' id='line_1_18' title="bbox 93 1629 1233 1696; baseline 0.001 -19"><span class='ocrx_word' id='word_1_197' title='bbox 93 1629 130 1678; x_wconf 78' lang='lat' dir='ltr'><strong>tiu</strong></span> <span class='ocrx_word' id='word_1_198' title='bbox 140 1629 258 1682; x_wconf 61' lang='lat' dir='ltr'><strong>suadae?</strong></span> <span class='ocrx_word' id='word_1_199' title='bbox 274 1631 488 1696; x_wconf 77' lang='lat' dir='ltr'><strong>Duleudaquoque</strong></span> <span class='ocrx_word' id='word_1_200' title='bbox 499 1645 599 1694; x_wconf 80' lang='lat' dir='ltr'><strong>persona</strong></span> <span class='ocrx_word' id='word_1_201' title='bbox 610 1645 648 1676; x_wconf 85' lang='lat' dir='ltr'><strong>se·</strong></span> <span class='ocrx_word' id='word_1_202' title='bbox 682 1645 737 1692; x_wconf 84' lang='lat' dir='ltr'><strong>sage</strong></span> <span class='ocrx_word' id='word_1_203' title='bbox 760 1629 876 1692; x_wconf 82' lang='grc' dir='ltr'><strong><em>άκαμάτιρ,</em></strong></span> <span class='ocrx_word' id='word_1_204' title='bbox 898 1631 1002 1694; x_wconf 74' lang='grc' dir='ltr'><strong><em>σκληρῷ,</em></strong></span> <span class='ocrx_word' id='word_1_205' title='bbox 1020 1629 1164 1692; x_wconf 79' lang='grc' dir='ltr'><strong><em>άμαλόκτῳι</em></strong></span> <span class='ocrx_word' id='word_1_206' title='bbox 1189 1629 1233 1678; x_wconf 92' lang='lat' dir='ltr'><strong>but</strong></span> 
     </span>
     <span class='ocr_line' id='line_1_19' title="bbox 93 1692 1262 1760; baseline 0.005 -20"><span class='ocrx_word' id='word_1_207' title='bbox 93 1696 181 1756; x_wconf 83' lang='lat' dir='ltr'><strong>quenti</strong></span> <span class='ocrx_word' id='word_1_208' title='bbox 198 1696 275 1743; x_wconf 78' lang='lat' dir='ltr'><strong>versui</strong></span> <span class='ocrx_word' id='word_1_209' title='bbox 291 1699 395 1759; x_wconf 78' lang='lat' dir='ltr'><strong>praefixa.</strong></span> <span class='ocrx_word' id='word_1_210' title='bbox 416 1694 505 1744; x_wconf 83' lang='lat' dir='ltr'><strong>Rursu.</strong></span> <span class='ocrx_word' id='word_1_211' title='bbox 539 1695 595 1742; x_wconf 90' lang='lat' dir='ltr'><strong>Om.</strong></span> <span class='ocrx_word' id='word_1_212' title='bbox 605 1701 649 1758; x_wconf 82' lang='lat' dir='ltr'><strong>np.</strong></span> <span class='ocrx_word' id='word_1_213' title='bbox 682 1697 737 1760; x_wconf 76' lang='lat' dir='ltr'><strong>why</strong></span> <span class='ocrx_word' id='word_1_214' title='bbox 748 1711 800 1758; x_wconf 79' lang='lat' dir='ltr'><strong>ursy</strong></span> <span class='ocrx_word' id='word_1_215' title='bbox 819 1696 840 1742; x_wconf 87' lang='lat' dir='ltr'><strong>it</strong></span> <span class='ocrx_word' id='word_1_216' title='bbox 856 1692 900 1742; x_wconf 86' lang='lat' dir='ltr'><strong>not</strong></span> <span class='ocrx_word' id='word_1_217' title='bbox 911 1710 977 1742; x_wconf 80' lang='lat' dir='ltr'><strong>rrrean</strong></span> <span class='ocrx_word' id='word_1_218' title='bbox 988 1695 1094 1758; x_wconf 80' lang='grc' dir='ltr'><strong><em>ιιτιισὶριά</em></strong></span> <span class='ocrx_word' id='word_1_219' title='bbox 1103 1710 1114 1752; x_wconf 87' lang='lat'><strong>,·</strong></span> <span class='ocrx_word' id='word_1_220' title='bbox 1129 1696 1195 1758; x_wconf 78' lang='lat' dir='ltr'><strong>ditty</strong></span> <span class='ocrx_word' id='word_1_221' title='bbox 1206 1711 1234 1746; x_wconf 76' lang='grc' dir='ltr'><strong>ατ</strong></span> <span class='ocrx_word' id='word_1_222' title='bbox 1256 1699 1262 1712; x_wconf 86' lang='grc'><strong>’</strong></span> 
     </span>
     <span class='ocr_line' id='line_1_20' title="bbox 93 1758 1233 1824; baseline 0.004 -21"><span class='ocrx_word' id='word_1_223' title='bbox 93 1765 148 1805; x_wconf 91' lang='lat' dir='ltr'><strong>turn</strong></span> <span class='ocrx_word' id='word_1_224' title='bbox 158 1761 191 1824; x_wconf 71' lang='lat' dir='ltr'><strong>qi</strong></span> <span class='ocrx_word' id='word_1_225' title='bbox 199 1779 225 1807; x_wconf 84' lang='lat' dir='ltr'><strong>rr.</strong></span> <span class='ocrx_word' id='word_1_226' title='bbox 234 1758 258 1808; x_wconf 77' lang='grc' dir='ltr'><strong>τί</strong></span> <span class='ocrx_word' id='word_1_227' title='bbox 268 1776 295 1821; x_wconf 88' lang='grc' dir='ltr'><strong>χ.</strong></span> <span class='ocrx_word' id='word_1_228' title='bbox 308 1761 357 1810; x_wconf 76' lang='lat' dir='ltr'><strong>dis.</strong></span> <span class='ocrx_word' id='word_1_229' title='bbox 366 1760 433 1807; x_wconf 85' lang='lat' dir='ltr'><strong>Trin.</strong></span> <span class='ocrx_word' id='word_1_230' title='bbox 443 1760 530 1808; x_wconf 82' lang='lat' dir='ltr'><strong>Doun.</strong></span> <span class='ocrx_word' id='word_1_231' title='bbox 682 1761 702 1808; x_wconf 87' lang='lat' dir='ltr'><strong>t&#39;t</strong></span> <span class='ocrx_word' id='word_1_232' title='bbox 714 1761 752 1810; x_wconf 75' lang='lat' dir='ltr'><strong>ist</strong></span> <span class='ocrx_word' id='word_1_233' title='bbox 767 1759 837 1809; x_wconf 79' lang='lat' dir='ltr'><strong>Jouu</strong></span> <span class='ocrx_word' id='word_1_234' title='bbox 849 1761 962 1808; x_wconf 72' lang='lat' dir='ltr'><strong>Surena.</strong></span> <span class='ocrx_word' id='word_1_235' title='bbox 979 1758 1079 1820; x_wconf 70' lang='grc' dir='ltr'><strong><em>κατάξω.</em></strong></span> <span class='ocrx_word' id='word_1_236' title='bbox 1107 1759 1179 1822; x_wconf 79' lang='lat' dir='ltr'><strong>Legit</strong></span> <span class='ocrx_word' id='word_1_237' title='bbox 1194 1759 1233 1808; x_wconf 90' lang='lat' dir='ltr'><strong>in·</strong></span> 
     </span>
     <span class='ocr_line' id='line_1_21' title="bbox 128 1822 1233 1888; baseline 0.003 -17"><span class='ocrx_word' id='word_1_238' title='bbox 128 1827 188 1872; x_wconf 80' lang='lat' dir='ltr'><strong>otu.</strong></span> <span class='ocrx_word' id='word_1_239' title='bbox 206 1823 260 1874; x_wconf 76' lang='lat' dir='ltr'><strong>nrt</strong></span> <span class='ocrx_word' id='word_1_240' title='bbox 271 1830 317 1873; x_wconf 82' lang='lat' dir='ltr'><strong>etc.</strong></span> <span class='ocrx_word' id='word_1_241' title='bbox 333 1825 365 1872; x_wconf 91' lang='lat' dir='ltr'><strong>V.</strong></span> <span class='ocrx_word' id='word_1_242' title='bbox 376 1823 483 1872; x_wconf 86' lang='lat' dir='ltr'><strong>Acham.</strong></span> <span class='ocrx_word' id='word_1_243' title='bbox 495 1827 551 1874; x_wconf 81' lang='grc'><strong><em>496.</em></strong></span> <span class='ocrx_word' id='word_1_244' title='bbox 566 1822 599 1884; x_wconf 84' lang='grc' dir='ltr'><strong>μή</strong></span> <span class='ocrx_word' id='word_1_245' title='bbox 609 1842 649 1884; x_wconf 90' lang='grc' dir='ltr'><strong>μοι</strong></span> <span class='ocrx_word' id='word_1_246' title='bbox 683 1831 773 1888; x_wconf 86' lang='lat' dir='ltr'><strong>terpres</strong></span> <span class='ocrx_word' id='word_1_247' title='bbox 789 1822 884 1886; x_wconf 66' lang='grc' dir='ltr'><strong><em>πατάξω</em></strong></span> <span class='ocrx_word' id='word_1_248' title='bbox 900 1829 924 1870; x_wconf 85' lang='lat' dir='ltr'><strong>et</strong></span> <span class='ocrx_word' id='word_1_249' title='bbox 940 1825 1108 1886; x_wconf 82' lang='lat' dir='ltr'><strong>interpretatur</strong></span> <span class='ocrx_word' id='word_1_250' title='bbox 1126 1825 1233 1874; x_wconf 81' lang='lat' dir='ltr'><strong>cerberu-</strong></span> 
     </span>
     <span class='ocr_line' id='line_1_22' title="bbox 93 1885 1234 1954; baseline 0.001 -18"><span class='ocrx_word' id='word_1_251' title='bbox 93 1887 236 1948; x_wconf 79' lang='grc' dir='ltr'><strong><em>φθονήσητ’,</em></strong></span> <span class='ocrx_word' id='word_1_252' title='bbox 259 1897 305 1937; x_wconf 81' lang='lat' dir='ltr'><strong>etc.</strong></span> <span class='ocrx_word' id='word_1_253' title='bbox 326 1889 411 1936; x_wconf 84' lang='lat' dir='ltr'><strong>Bane.</strong></span> <span class='ocrx_word' id='word_1_254' title='bbox 450 1889 535 1936; x_wconf 83' lang='lat' dir='ltr'><strong>“Om.</strong></span> <span class='ocrx_word' id='word_1_255' title='bbox 554 1893 647 1937; x_wconf 79' lang='lat' dir='ltr'><strong>xnl&#39;u.</strong></span> <span class='ocrx_word' id='word_1_256' title='bbox 681 1885 1234 1954; x_wconf 70' lang='grc' dir='ltr'><strong><em>οει·ι“ινι·,ηιιοάιιιε1ἱυε;τεάάψήκτιρίτιιετ-</em></strong></span> 
     </span>
     <span class='ocr_line' id='line_1_23' title="bbox 92 1951 1231 2018; baseline 0.002 -18"><span class='ocrx_word' id='word_1_257' title='bbox 92 1952 320 2016; x_wconf 78' lang='grc' dir='ltr'><strong><em>Μτς.”-φθοντ”γτε</em></strong></span> <span class='ocrx_word' id='word_1_258' title='bbox 330 1955 380 2003; x_wconf 92' lang='lat' dir='ltr'><strong>Ms.</strong></span> <span class='ocrx_word' id='word_1_259' title='bbox 390 1953 456 2002; x_wconf 83' lang='lat' dir='ltr'><strong>l&#39;rin.</strong></span> <span class='ocrx_word' id='word_1_260' title='bbox 467 1954 649 2017; x_wconf 83' lang='lat' dir='ltr'><strong>(ssdv.not.ad</strong></span> <span class='ocrx_word' id='word_1_261' title='bbox 682 1962 806 2016; x_wconf 80' lang='lat' dir='ltr'><strong>protantur</strong></span> <span class='ocrx_word' id='word_1_262' title='bbox 827 1951 947 2016; x_wconf 75' lang='grc' dir='ltr'><strong><em>άκαμάτηι,</em></strong></span> <span class='ocrx_word' id='word_1_263' title='bbox 969 1953 1070 2016; x_wconf 73' lang='grc' dir='ltr'><strong><em>σκληρῷ,</em></strong></span> <span class='ocrx_word' id='word_1_264' title='bbox 1093 1951 1231 2018; x_wconf 82' lang='grc' dir='ltr'><strong><em>άμαλάκτηι,</em></strong></span> 
     </span>
     <span class='ocr_line' id='line_1_24' title="bbox 93 2017 1234 2080; baseline 0.003 -17"><span class='ocrx_word' id='word_1_265' title='bbox 93 2019 346 2080; x_wconf 79' lang='grc' dir='ltr'><strong><em>ταρτα200.)1)οττι.</em></strong></span> <span class='ocrx_word' id='word_1_266' title='bbox 683 2017 743 2065; x_wconf 83' lang='lat' dir='ltr'><strong>torte</strong></span> <span class='ocrx_word' id='word_1_267' title='bbox 759 2034 790 2066; x_wconf 84' lang='lat' dir='ltr'><strong>ex</strong></span> <span class='ocrx_word' id='word_1_268' title='bbox 808 2019 875 2067; x_wconf 88' lang='lat' dir='ltr'><strong>Suid.</strong></span> <span class='ocrx_word' id='word_1_269' title='bbox 908 2019 955 2066; x_wconf 87' lang='lat' dir='ltr'><strong>Sed</strong></span> <span class='ocrx_word' id='word_1_270' title='bbox 973 2019 1061 2066; x_wconf 88' lang='lat' dir='ltr'><strong>melius</strong></span> <span class='ocrx_word' id='word_1_271' title='bbox 1071 2018 1130 2066; x_wconf 81' lang='lat' dir='ltr'><strong>milri</strong></span> <span class='ocrx_word' id='word_1_272' title='bbox 1141 2019 1234 2066; x_wconf 86' lang='lat' dir='ltr'><strong>videtur</strong></span> 
     </span>
     <span class='ocr_line' id='line_1_25' title="bbox 128 2080 1233 2147; baseline -0.002 -15"><span class='ocrx_word' id='word_1_273' title='bbox 128 2087 187 2132; x_wconf 85' lang='grc'><strong><em>650.</em></strong></span> <span class='ocrx_word' id='word_1_274' title='bbox 199 2084 296 2132; x_wconf 85' lang='lat' dir='ltr'><strong>Mallem</strong></span> <span class='ocrx_word' id='word_1_275' title='bbox 307 2084 342 2131; x_wconf 91' lang='lat' dir='ltr'><strong>sic</strong></span> <span class='ocrx_word' id='word_1_276' title='bbox 353 2082 512 2132; x_wconf 80' lang='lat' dir='ltr'><strong>constituere:</strong></span> <span class='ocrx_word' id='word_1_277' title='bbox 528 2081 558 2141; x_wconf 83' lang='grc' dir='ltr'><strong><em>ήν</em></strong></span> <span class='ocrx_word' id='word_1_278' title='bbox 565 2081 649 2144; x_wconf 71' lang='lat' dir='ltr'><strong>dusino</strong></span> <span class='ocrx_word' id='word_1_279' title='bbox 681 2082 815 2147; x_wconf 82' lang='lat' dir='ltr'><strong>intelligere</strong></span> <span class='ocrx_word' id='word_1_280' title='bbox 833 2082 943 2141; x_wconf 86' lang='grc' dir='ltr'><strong><em>πηλιόδει,</em></strong></span> <span class='ocrx_word' id='word_1_281' title='bbox 961 2080 1119 2146; x_wconf 75' lang='grc' dir='ltr'><strong><em>μολυνομόνιρ,</em></strong></span> <span class='ocrx_word' id='word_1_282' title='bbox 1130 2099 1145 2130; x_wconf 92' lang='lat' dir='ltr'><strong>a</strong></span> <span class='ocrx_word' id='word_1_283' title='bbox 1154 2083 1233 2146; x_wconf 85' lang='lat' dir='ltr'><strong>priva·</strong></span> 
     </span>
     <span class='ocr_line' id='line_1_26' title="bbox 92 2145 1232 2212; baseline 0.002 -18"><span class='ocrx_word' id='word_1_284' title='bbox 92 2147 145 2195; x_wconf 84' lang='grc' dir='ltr'><strong><em>τῶν</em></strong></span> <span class='ocrx_word' id='word_1_285' title='bbox 167 2146 288 2212; x_wconf 78' lang='grc' dir='ltr'><strong><em>παρόντων</em></strong></span> <span class='ocrx_word' id='word_1_286' title='bbox 305 2148 329 2208; x_wconf 75' lang='grc' dir='ltr'><strong>η)</strong></span> <span class='ocrx_word' id='word_1_287' title='bbox 351 2146 476 2209; x_wconf 51' lang='lat' dir='ltr'><strong>eluendum</strong></span> <span class='ocrx_word' id='word_1_288' title='bbox 494 2148 648 2212; x_wconf 74' lang='grc' dir='ltr'><strong><em>πραγμάτων.</em></strong></span> <span class='ocrx_word' id='word_1_289' title='bbox 682 2147 731 2194; x_wconf 86' lang='lat' dir='ltr'><strong>tivo</strong></span> <span class='ocrx_word' id='word_1_290' title='bbox 743 2166 758 2196; x_wconf 89' lang='grc' dir='ltr'><strong>α</strong></span> <span class='ocrx_word' id='word_1_291' title='bbox 768 2161 792 2196; x_wconf 84' lang='grc' dir='ltr'><strong>τι</strong></span> <span class='ocrx_word' id='word_1_292' title='bbox 803 2147 873 2211; x_wconf 85' lang='grc' dir='ltr'><strong><em>ψήχο</em></strong></span> <span class='ocrx_word' id='word_1_293' title='bbox 887 2147 915 2196; x_wconf 80' lang='grc' dir='ltr'><strong>τό</strong></span> <span class='ocrx_word' id='word_1_294' title='bbox 932 2145 983 2212; x_wconf 87' lang='grc' dir='ltr'><strong><em>ψάω</em></strong></span> <span class='ocrx_word' id='word_1_295' title='bbox 998 2150 1108 2208; x_wconf 82' lang='lat' dir='ltr'><strong>detergo:</strong></span> <span class='ocrx_word' id='word_1_296' title='bbox 1125 2156 1150 2196; x_wconf 86' lang='lat' dir='ltr'><strong>et</strong></span> <span class='ocrx_word' id='word_1_297' title='bbox 1165 2149 1232 2196; x_wconf 87' lang='lat' dir='ltr'><strong>Suid.</strong></span> 
     </span>
     <span class='ocr_line' id='line_1_27' title="bbox 92 2211 1231 2277; baseline 0.002 -19"><span class='ocrx_word' id='word_1_298' title='bbox 92 2211 160 2259; x_wconf 83' lang='lat' dir='ltr'><strong>Nam</strong></span> <span class='ocrx_word' id='word_1_299' title='bbox 179 2229 210 2274; x_wconf 79' lang='grc' dir='ltr'><strong><em>γε</em></strong></span> <span class='ocrx_word' id='word_1_300' title='bbox 227 2213 258 2261; x_wconf 84' lang='lat' dir='ltr'><strong>ad</strong></span> <span class='ocrx_word' id='word_1_301' title='bbox 275 2211 397 2276; x_wconf 82' lang='grc' dir='ltr'><strong><em>παρόντων</em></strong></span> <span class='ocrx_word' id='word_1_302' title='bbox 416 2211 558 2276; x_wconf 74' lang='grc' dir='ltr'><strong><em>πραγμάτων</em></strong></span> <span class='ocrx_word' id='word_1_303' title='bbox 575 2213 648 2277; x_wconf 82' lang='lat' dir='ltr'><strong>perti·</strong></span> <span class='ocrx_word' id='word_1_304' title='bbox 682 2211 780 2274; x_wconf 78' lang='lat' dir='ltr'><strong>quidem</strong></span> <span class='ocrx_word' id='word_1_305' title='bbox 791 2223 887 2262; x_wconf 82' lang='lat' dir='ltr'><strong>secutus</strong></span> <span class='ocrx_word' id='word_1_306' title='bbox 897 2219 934 2260; x_wconf 86' lang='lat' dir='ltr'><strong>cst</strong></span> <span class='ocrx_word' id='word_1_307' title='bbox 945 2213 1019 2260; x_wconf 85' lang='lat' dir='ltr'><strong>Bistt.</strong></span> <span class='ocrx_word' id='word_1_308' title='bbox 1031 2212 1075 2276; x_wconf 79' lang='lat' dir='ltr'><strong>sed</strong></span> <span class='ocrx_word' id='word_1_309' title='bbox 1091 2225 1106 2260; x_wconf 79' lang='lat' dir='ltr'><strong>a</strong></span> <span class='ocrx_word' id='word_1_310' title='bbox 1122 2211 1189 2262; x_wconf 82' lang='lat' dir='ltr'><strong>Suid.</strong></span> <span class='ocrx_word' id='word_1_311' title='bbox 1200 2211 1231 2260; x_wconf 88' lang='lat' dir='ltr'><strong>ad</strong></span> 
     </span>
     <span class='ocr_line' id='line_1_28' title="bbox 92 2275 1232 2343; baseline 0.003 -20"><span class='ocrx_word' id='word_1_312' title='bbox 92 2275 247 2343; x_wconf 28' lang='lat' dir='ltr'><strong>netqltnrsr.</strong></span> <span class='ocrx_word' id='word_1_313' title='bbox 683 2277 797 2325; x_wconf 82' lang='lat' dir='ltr'><strong>rationem</strong></span> <span class='ocrx_word' id='word_1_314' title='bbox 820 2277 939 2341; x_wconf 77' lang='lat' dir='ltr'><strong>provoc03</strong></span> <span class='ocrx_word' id='word_1_315' title='bbox 963 2291 1017 2324; x_wconf 87' lang='lat' dir='ltr'><strong>nam</strong></span> <span class='ocrx_word' id='word_1_316' title='bbox 1038 2277 1164 2324; x_wconf 76' lang='lat' dir='ltr'>cothurnus</span> <span class='ocrx_word' id='word_1_317' title='bbox 1183 2293 1232 2327; x_wconf 84' lang='lat' dir='ltr'><strong>non</strong></span> 
     </span>
     <span class='ocr_line' id='line_1_29' title="bbox 127 2340 1235 2406; baseline -0.001 -16"><span class='ocrx_word' id='word_1_318' title='bbox 127 2345 186 2390; x_wconf 87' lang='grc'><strong><em>651.</em></strong></span> <span class='ocrx_word' id='word_1_319' title='bbox 201 2341 320 2406; x_wconf 82' lang='grc' dir='ltr'><strong><em>τούράνου.</em></strong></span> <span class='ocrx_word' id='word_1_320' title='bbox 353 2342 418 2391; x_wconf 84' lang='lat' dir='ltr'><strong>Cave</strong></span> <span class='ocrx_word' id='word_1_321' title='bbox 432 2341 463 2390; x_wconf 89' lang='lat' dir='ltr'><strong>de</strong></span> <span class='ocrx_word' id='word_1_322' title='bbox 480 2343 538 2390; x_wconf 86' lang='lat' dir='ltr'><strong>coelo</strong></span> <span class='ocrx_word' id='word_1_323' title='bbox 558 2341 647 2390; x_wconf 84' lang='lat' dir='ltr'><strong>intelli·</strong></span> <span class='ocrx_word' id='word_1_324' title='bbox 682 2340 754 2388; x_wconf 81' lang='lat' dir='ltr'><strong>habet</strong></span> <span class='ocrx_word' id='word_1_325' title='bbox 773 2349 862 2390; x_wconf 91' lang='lat' dir='ltr'><strong>tautam</strong></span> <span class='ocrx_word' id='word_1_326' title='bbox 881 2340 1000 2389; x_wconf 85' lang='lat' dir='ltr'><strong>duritiem.</strong></span> <span class='ocrx_word' id='word_1_327' title='bbox 1016 2340 1139 2390; x_wconf 79' lang='lat' dir='ltr'><strong>Punusn.</strong></span> <span class='ocrx_word' id='word_1_328' title='bbox 1167 2341 1235 2390; x_wconf 86' lang='lat' dir='ltr'><strong>ciun</strong></span> 
     </span>
     <span class='ocr_line' id='line_1_30' title="bbox 90 2405 1234 2472; baseline 0 -16"><span class='ocrx_word' id='word_1_329' title='bbox 90 2421 146 2469; x_wconf 78' lang='lat' dir='ltr'><strong>gas.</strong></span> <span class='ocrx_word' id='word_1_330' title='bbox 179 2406 222 2456; x_wconf 84' lang='lat' dir='ltr'><strong>Est</strong></span> <span class='ocrx_word' id='word_1_331' title='bbox 239 2410 302 2456; x_wconf 88' lang='lat' dir='ltr'><strong>enirn</strong></span> <span class='ocrx_word' id='word_1_332' title='bbox 319 2424 362 2472; x_wconf 92' lang='lat' dir='ltr'><strong>pro</strong></span> <span class='ocrx_word' id='word_1_333' title='bbox 379 2409 423 2457; x_wconf 80' lang='grc' dir='ltr'><strong>τοῦ</strong></span> <span class='ocrx_word' id='word_1_334' title='bbox 440 2405 529 2470; x_wconf 77' lang='grc' dir='ltr'><strong><em>ἐράνου.</em></strong></span> <span class='ocrx_word' id='word_1_335' title='bbox 556 2405 595 2455; x_wconf 87' lang='lat' dir='ltr'><strong>Sic</strong></span> <span class='ocrx_word' id='word_1_336' title='bbox 606 2421 647 2454; x_wconf 88' lang='lat' dir='ltr'><strong>au·</strong></span> <span class='ocrx_word' id='word_1_337' title='bbox 683 2405 745 2454; x_wconf 87' lang='lat' dir='ltr'><strong>huuc</strong></span> <span class='ocrx_word' id='word_1_338' title='bbox 764 2407 844 2455; x_wconf 90' lang='lat' dir='ltr'><strong>locum</strong></span> <span class='ocrx_word' id='word_1_339' title='bbox 863 2407 930 2454; x_wconf 91' lang='lat' dir='ltr'><strong>Suid.</strong></span> <span class='ocrx_word' id='word_1_340' title='bbox 951 2421 974 2456; x_wconf 86' lang='lat' dir='ltr'><strong>r.</strong></span> <span class='ocrx_word' id='word_1_341' title='bbox 996 2405 1100 2469; x_wconf 79' lang='grc' dir='ltr'><strong><em>όιψήκτιρ.</em></strong></span> <span class='ocrx_word' id='word_1_342' title='bbox 1135 2405 1180 2454; x_wconf 86' lang='lat' dir='ltr'><strong>Pro</strong></span> <span class='ocrx_word' id='word_1_343' title='bbox 1192 2421 1234 2456; x_wconf 59' lang='lat' dir='ltr'><strong>reu*</strong></span> 
     </span>
     <span class='ocr_line' id='line_1_31' title="bbox 91 2469 1235 2536; baseline 0.001 -18"><span class='ocrx_word' id='word_1_344' title='bbox 91 2469 648 2535; x_wconf 68' lang='grc' dir='ltr'><strong><em>τευττοσαῑπὴνἐκκοινοῦέστόασινεῑεῖσφοράν.</em></strong></span> <span class='ocrx_word' id='word_1_345' title='bbox 680 2469 743 2532; x_wconf 76' lang='grc' dir='ltr'><strong><em>τάξω</em></strong></span> <span class='ocrx_word' id='word_1_346' title='bbox 759 2479 845 2528; x_wconf 87' lang='lat' dir='ltr'><strong>autem,</strong></span> <span class='ocrx_word' id='word_1_347' title='bbox 867 2469 930 2534; x_wconf 89' lang='lat' dir='ltr'><strong>qnod</strong></span> <span class='ocrx_word' id='word_1_348' title='bbox 950 2470 1036 2536; x_wconf 87' lang='lat' dir='ltr'><strong>priores</strong></span> <span class='ocrx_word' id='word_1_349' title='bbox 1057 2469 1113 2519; x_wconf 84' lang='lat' dir='ltr'><strong>edd.</strong></span> <span class='ocrx_word' id='word_1_350' title='bbox 1134 2469 1235 2534; x_wconf 86' lang='lat' dir='ltr'><strong>habent,</strong></span> 
     </span>
     <span class='ocr_line' id='line_1_32' title="bbox 91 2534 1234 2603; baseline 0.001 -19"><span class='ocrx_word' id='word_1_351' title='bbox 91 2536 321 2600; x_wconf 85' lang='lat' dir='ltr'><strong>Latinicollectam‚</strong></span> <span class='ocrx_word' id='word_1_352' title='bbox 338 2538 481 2603; x_wconf 83' lang='lat' dir='ltr'><strong>symbolum,</strong></span> <span class='ocrx_word' id='word_1_353' title='bbox 494 2537 648 2584; x_wconf 86' lang='lat' dir='ltr'><strong>contributio·</strong></span> <span class='ocrx_word' id='word_1_354' title='bbox 681 2536 829 2599; x_wconf 80' lang='lat' dir='ltr'><strong>reposuimus</strong></span> <span class='ocrx_word' id='word_1_355' title='bbox 851 2534 954 2598; x_wconf 75' lang='grc' dir='ltr'><strong><em>πατάξω,</em></strong></span> <span class='ocrx_word' id='word_1_356' title='bbox 972 2534 1048 2586; x_wconf 85' lang='lat' dir='ltr'><strong>secuti</strong></span> <span class='ocrx_word' id='word_1_357' title='bbox 1069 2537 1234 2585; x_wconf 79' lang='lat' dir='ltr'><strong>anctoritatem</strong></span> 
     </span>
     <span class='ocr_line' id='line_1_33' title="bbox 91 2599 1234 2664; baseline 0.001 -17"><span class='ocrx_word' id='word_1_358' title='bbox 91 2616 160 2656; x_wconf 87' lang='lat' dir='ltr'><strong>nem,</strong></span> <span class='ocrx_word' id='word_1_359' title='bbox 172 2617 266 2650; x_wconf 89' lang='lat' dir='ltr'><strong>munus.</strong></span> <span class='ocrx_word' id='word_1_360' title='bbox 296 2603 387 2654; x_wconf 81' lang='lat' dir='ltr'><strong>Postea</strong></span> <span class='ocrx_word' id='word_1_361' title='bbox 404 2603 469 2650; x_wconf 87' lang='lat' dir='ltr'><strong>enim</strong></span> <span class='ocrx_word' id='word_1_362' title='bbox 487 2610 554 2649; x_wconf 78' lang='lat' dir='ltr'><strong>uocat</strong></span> <span class='ocrx_word' id='word_1_363' title='bbox 568 2599 649 2664; x_wconf 82' lang='grc' dir='ltr'><strong><em>ἔρανον</em></strong></span> <span class='ocrx_word' id='word_1_364' title='bbox 682 2601 968 2657; x_wconf 89' lang='lat' dir='ltr'><strong>nunsolumMssturum,</strong></span> <span class='ocrx_word' id='word_1_365' title='bbox 985 2599 1114 2648; x_wconf 82' lang='lat' dir='ltr'><strong>sedetiam</strong></span> <span class='ocrx_word' id='word_1_366' title='bbox 1131 2601 1234 2650; x_wconf 86' lang='lat' dir='ltr'><strong>Suid.v.</strong></span> 
     </span>
     <span class='ocr_line' id='line_1_34' title="bbox 91 2663 1273 2792; baseline 0 -16"><span class='ocrx_word' id='word_1_367' title='bbox 91 2667 649 2792; x_wconf 49' lang='lat' dir='ltr'><strong>§mitelli-llil:{lllllllllll</strong></span> <span class='ocrx_word' id='word_1_368' title='bbox 681 2663 1233 2790; x_wconf 60' lang='lat' dir='ltr'><strong>llt&#39;ttltlul.⁵·.t“lil·illut·</strong></span> <span class='ocrx_word' id='word_1_369' title='bbox 1270 2673 1273 2679; x_wconf 38' lang='lat'><strong>¹</strong></span> 
     </span>
     <span class='ocr_line' id='line_1_35' title="bbox 91 2792 1233 2858; baseline 0.001 -17"><span class='ocrx_word' id='word_1_370' title='bbox 91 2793 143 2856; x_wconf 88' lang='lat' dir='ltr'><strong>(sic</strong></span> <span class='ocrx_word' id='word_1_371' title='bbox 155 2805 232 2842; x_wconf 84' lang='lat' dir='ltr'><strong>autem</strong></span> <span class='ocrx_word' id='word_1_372' title='bbox 244 2797 341 2844; x_wconf 81' lang='lat' dir='ltr'><strong>Aristot.</strong></span> <span class='ocrx_word' id='word_1_373' title='bbox 352 2797 376 2843; x_wconf 89' lang='lat' dir='ltr'><strong>in</strong></span> <span class='ocrx_word' id='word_1_374' title='bbox 389 2796 463 2844; x_wconf 88' lang='lat' dir='ltr'><strong>Polit.</strong></span> <span class='ocrx_word' id='word_1_375' title='bbox 476 2795 539 2843; x_wconf 88' lang='lat' dir='ltr'><strong>dixit</strong></span> <span class='ocrx_word' id='word_1_376' title='bbox 553 2795 585 2844; x_wconf 86' lang='grc' dir='ltr'><strong>τά</strong></span> <span class='ocrx_word' id='word_1_377' title='bbox 596 2802 647 2853; x_wconf 85' lang='grc' dir='ltr'><strong>Μη-</strong></span> <span class='ocrx_word' id='word_1_378' title='bbox 682 2809 774 2843; x_wconf 85' lang='lat' dir='ltr'><strong>necnon</strong></span> <span class='ocrx_word' id='word_1_379' title='bbox 796 2795 864 2843; x_wconf 88' lang='lat' dir='ltr'><strong>Suid.</strong></span> <span class='ocrx_word' id='word_1_380' title='bbox 896 2795 960 2842; x_wconf 79' lang='lat' dir='ltr'><strong>Atiae</strong></span> <span class='ocrx_word' id='word_1_381' title='bbox 978 2795 1035 2842; x_wconf 83' lang='lat' dir='ltr'><strong>edd.</strong></span> <span class='ocrx_word' id='word_1_382' title='bbox 1052 2792 1152 2856; x_wconf 75' lang='grc' dir='ltr'><strong><em>κατάξω,</em></strong></span> <span class='ocrx_word' id='word_1_383' title='bbox 1169 2795 1233 2858; x_wconf 88' lang='lat' dir='ltr'><strong>quod</strong></span> 
     </span>
     <span class='ocr_line' id='line_1_36' title="bbox 93 2857 1267 2923; baseline -0.002 -15"><span class='ocrx_word' id='word_1_384' title='bbox 93 2859 164 2914; x_wconf 74' lang='lat' dir='ltr'><strong>durdl</strong></span> <span class='ocrx_word' id='word_1_385' title='bbox 173 2859 291 2922; x_wconf 85' lang='grc' dir='ltr'><strong><em>ψήφισμα.</em></strong></span> <span class='ocrx_word' id='word_1_386' title='bbox 301 2861 363 2910; x_wconf 74' lang='grc' dir='ltr'><strong><em>ὥστε</em></strong></span> <span class='ocrx_word' id='word_1_387' title='bbox 374 2860 476 2910; x_wconf 81' lang='grc' dir='ltr'><strong><em>ἕκαστον</em></strong></span> <span class='ocrx_word' id='word_1_388' title='bbox 484 2859 545 2908; x_wconf 90' lang='grc' dir='ltr'><strong><em>κατά</em></strong></span> <span class='ocrx_word' id='word_1_389' title='bbox 553 2861 650 2918; x_wconf 81' lang='grc' dir='ltr'><strong><em>δύναμιν</em></strong></span> <span class='ocrx_word' id='word_1_390' title='bbox 681 2860 795 2923; x_wconf 73' lang='lat' dir='ltr'><strong>stipium</strong></span> <span class='ocrx_word' id='word_1_391' title='bbox 805 2876 853 2908; x_wconf 89' lang='lat' dir='ltr'><strong>nun</strong></span> <span class='ocrx_word' id='word_1_392' title='bbox 864 2869 901 2907; x_wconf 77' lang='lat' dir='ltr'><strong>est</strong></span> <span class='ocrx_word' id='word_1_393' title='bbox 911 2861 1024 2908; x_wconf 84' lang='lat' dir='ltr'><strong>alianum.</strong></span> <span class='ocrx_word' id='word_1_394' title='bbox 1034 2857 1118 2907; x_wconf 81' lang='lat' dir='ltr'><strong>Bnao.</strong></span> <span class='ocrx_word' id='word_1_395' title='bbox 1265 2917 1267 2922; x_wconf 70' lang='lat'>,</span> 
     </span>
     <span class='ocr_line' id='line_1_37' title="bbox 93 2919 1233 2989; baseline -0.002 -13"><span class='ocrx_word' id='word_1_396' title='bbox 93 2924 262 2985; x_wconf 71' lang='grc' dir='ltr'><strong><em>συμβαλέσθαι</em></strong></span> <span class='ocrx_word' id='word_1_397' title='bbox 273 2925 306 2975; x_wconf 79' lang='grc' dir='ltr'><strong>εἶτ</strong></span> <span class='ocrx_word' id='word_1_398' title='bbox 315 2926 347 2975; x_wconf 81' lang='grc' dir='ltr'><strong>τά</strong></span> <span class='ocrx_word' id='word_1_399' title='bbox 359 2925 423 2975; x_wconf 78' lang='grc' dir='ltr'><strong><em>κοινά</em></strong></span> <span class='ocrx_word' id='word_1_400' title='bbox 438 2925 556 2989; x_wconf 83' lang='grc' dir='ltr'><strong><em>χρήματα,</em></strong></span> <span class='ocrx_word' id='word_1_401' title='bbox 573 2927 649 2974; x_wconf 82' lang='grc' dir='ltr'><strong><em>ταῦτα</em></strong></span> <span class='ocrx_word' id='word_1_402' title='bbox 713 2929 770 2974; x_wconf 83' lang='grc'><strong><em>658.</em></strong></span> <span class='ocrx_word' id='word_1_403' title='bbox 787 2941 838 2988; x_wconf 86' lang='grc' dir='ltr'><strong><em>στρ.</em></strong></span> <span class='ocrx_word' id='word_1_404' title='bbox 857 2923 889 2981; x_wconf 81' lang='grc' dir='ltr'><strong>β’.</strong></span> <span class='ocrx_word' id='word_1_405' title='bbox 915 2929 972 2974; x_wconf 74' lang='grc'><strong><em>682.</em></strong></span> <span class='ocrx_word' id='word_1_406' title='bbox 991 2924 1096 2987; x_wconf 86' lang='grc' dir='ltr'><strong><em>άντιστρ.</em></strong></span> <span class='ocrx_word' id='word_1_407' title='bbox 1116 2919 1149 2980; x_wconf 84' lang='grc' dir='ltr'><strong>β’.</strong></span> <span class='ocrx_word' id='word_1_408' title='bbox 1174 2927 1233 2974; x_wconf 81' lang='grc'><strong><em>668.</em></strong></span> 
     </span>
     <span class='ocr_line' id='line_1_38' title="bbox 94 2987 1233 3056; baseline 0 -18"><span class='ocrx_word' id='word_1_409' title='bbox 94 2988 122 3038; x_wconf 73' lang='grc' dir='ltr'><strong>δὲ</strong></span> <span class='ocrx_word' id='word_1_410' title='bbox 143 2989 224 3052; x_wconf 77' lang='grc' dir='ltr'><strong><em>ἔταξεν</em></strong></span> <span class='ocrx_word' id='word_1_411' title='bbox 240 2991 384 3056; x_wconf 69' lang='grc' dir='ltr'><strong><em>Ἀριστείδης</em></strong></span> <span class='ocrx_word' id='word_1_412' title='bbox 399 2992 476 3040; x_wconf 78' lang='grc' dir='ltr'><strong><em>δοῦναι</em></strong></span> <span class='ocrx_word' id='word_1_413' title='bbox 491 2991 541 3040; x_wconf 75' lang='grc' dir='ltr'><strong><em>τοῖς</em></strong></span> <span class='ocrx_word' id='word_1_414' title='bbox 560 2987 649 3049; x_wconf 81' lang='grc' dir='ltr'><strong><em>συμμά-</em></strong></span> <span class='ocrx_word' id='word_1_415' title='bbox 681 2987 734 3049; x_wconf 72' lang='lat' dir='ltr'><strong>lege</strong></span> <span class='ocrx_word' id='word_1_416' title='bbox 745 2991 811 3038; x_wconf 72' lang='grc' dir='ltr'><strong><em>ταῦτ’</em></strong></span> <span class='ocrx_word' id='word_1_417' title='bbox 827 2988 869 3038; x_wconf 77' lang='grc' dir='ltr'><strong><em>οὖν</em></strong></span> <span class='ocrx_word' id='word_1_418' title='bbox 884 2997 911 3038; x_wconf 91' lang='lat' dir='ltr'><strong>ut</strong></span> <span class='ocrx_word' id='word_1_419' title='bbox 929 2989 977 3038; x_wconf 88' lang='grc' dir='ltr'><strong>Με.</strong></span> <span class='ocrx_word' id='word_1_420' title='bbox 990 2989 1072 3038; x_wconf 76' lang='lat' dir='ltr'><strong>Brut.</strong></span> <span class='ocrx_word' id='word_1_421' title='bbox 1088 2995 1137 3038; x_wconf 78' lang='lat' dir='ltr'><strong>nr.</strong></span> <span class='ocrx_word' id='word_1_422' title='bbox 1156 2987 1233 3038; x_wconf 75' lang='grc' dir='ltr'><strong><em>ταῦτ’.</em></strong></span> 
     </span>
     <span class='ocr_line' id='line_1_39' title="bbox 93 3053 1231 3165; baseline 0.001 -64"><span class='ocrx_word' id='word_1_423' title='bbox 93 3071 159 3119; x_wconf 89' lang='grc' dir='ltr'><strong><em>χοις,</em></strong></span> <span class='ocrx_word' id='word_1_424' title='bbox 170 3055 191 3104; x_wconf 79' lang='grc' dir='ltr'><strong><em>εἲ</em></strong></span> <span class='ocrx_word' id='word_1_425' title='bbox 201 3059 252 3105; x_wconf 80' lang='lat' dir='ltr'><strong>reis</strong></span> <span class='ocrx_word' id='word_1_426' title='bbox 261 3053 388 3119; x_wconf 81' lang='grc' dir='ltr'><strong><em>βαρβάροις</em></strong></span> <span class='ocrx_word' id='word_1_427' title='bbox 397 3057 531 3116; x_wconf 81' lang='grc' dir='ltr'><strong><em>πολεμοῖεν.</em></strong></span> <span class='ocrx_word' id='word_1_428' title='bbox 556 3055 649 3112; x_wconf 83' lang='lat' dir='ltr'><strong>Quibus</strong></span> <span class='ocrx_word' id='word_1_429' title='bbox 681 3053 742 3101; x_wconf 85' lang='grc' dir='ltr'><strong><em>Μεε.</em></strong></span> <span class='ocrx_word' id='word_1_430' title='bbox 753 3056 833 3102; x_wconf 83' lang='lat' dir='ltr'><strong>versui</strong></span> <span class='ocrx_word' id='word_1_431' title='bbox 853 3055 908 3112; x_wconf 83' lang='lat' dir='ltr'><strong>huic</strong></span> <span class='ocrx_word' id='word_1_432' title='bbox 926 3054 1012 3102; x_wconf 87' lang='lat' dir='ltr'><strong>rectius</strong></span> <span class='ocrx_word' id='word_1_433' title='bbox 1030 3053 1156 3165; x_wconf 47' lang='lat' dir='ltr'><strong>{refigunt</strong></span> <span class='ocrx_word' id='word_1_434' title='bbox 1175 3072 1231 3118; x_wconf 88' lang='grc' dir='ltr'><strong><em>χορ.</em></strong></span> 
     </span>
     <span class='ocr_line' id='line_1_40' title="bbox 92 3117 1233 3184; baseline 0.001 -19"><span class='ocrx_word' id='word_1_435' title='bbox 92 3120 174 3168; x_wconf 81' lang='lat' dir='ltr'><strong>verbis</strong></span> <span class='ocrx_word' id='word_1_436' title='bbox 189 3121 340 3184; x_wconf 83' lang='lat' dir='ltr'><strong>intelligitur,</strong></span> <span class='ocrx_word' id='word_1_437' title='bbox 357 3121 503 3183; x_wconf 83' lang='lat' dir='ltr'><strong>temporibus</strong></span> <span class='ocrx_word' id='word_1_438' title='bbox 516 3119 578 3167; x_wconf 85' lang='lat' dir='ltr'><strong>belli</strong></span> <span class='ocrx_word' id='word_1_439' title='bbox 595 3121 649 3168; x_wconf 81' lang='lat' dir='ltr'><strong>nte-</strong></span> <span class='ocrx_word' id='word_1_440' title='bbox 680 3133 732 3178; x_wconf 75' lang='grc' dir='ltr'><strong><em>ηερ.</em></strong></span> <span class='ocrx_word' id='word_1_441' title='bbox 748 3119 765 3168; x_wconf 84' lang='lat' dir='ltr'><strong>i.</strong></span> <span class='ocrx_word' id='word_1_442' title='bbox 778 3133 800 3165; x_wconf 89' lang='lat' dir='ltr'><strong>e.</strong></span> <span class='ocrx_word' id='word_1_443' title='bbox 818 3119 904 3166; x_wconf 84' lang='lat' dir='ltr'><strong>chorus</strong></span> <span class='ocrx_word' id='word_1_444' title='bbox 926 3133 1017 3166; x_wconf 82' lang='lat' dir='ltr'><strong>senum.</strong></span> <span class='ocrx_word' id='word_1_445' title='bbox 1063 3133 1116 3166; x_wconf 83' lang='lat' dir='ltr'><strong>usr.</strong></span> <span class='ocrx_word' id='word_1_446' title='bbox 1144 3117 1174 3165; x_wconf 88' lang='lat' dir='ltr'><strong>In</strong></span> <span class='ocrx_word' id='word_1_447' title='bbox 1194 3119 1233 3168; x_wconf 87' lang='lat' dir='ltr'><strong>ed.</strong></span> 
     </span>
     <span class='ocr_line' id='line_1_41' title="bbox 93 3181 1232 3246; baseline 0.002 -16"><span class='ocrx_word' id='word_1_448' title='bbox 93 3183 145 3231; x_wconf 89' lang='lat' dir='ltr'><strong>dici</strong></span> <span class='ocrx_word' id='word_1_449' title='bbox 156 3185 244 3234; x_wconf 86' lang='lat' dir='ltr'><strong>scitum</strong></span> <span class='ocrx_word' id='word_1_450' title='bbox 251 3185 333 3240; x_wconf 75' lang='lat' dir='ltr'><strong>finisse,</strong></span> <span class='ocrx_word' id='word_1_451' title='bbox 353 3195 378 3233; x_wconf 91' lang='lat' dir='ltr'><strong>ut</strong></span> <span class='ocrx_word' id='word_1_452' title='bbox 397 3186 420 3231; x_wconf 91' lang='lat' dir='ltr'><strong>in</strong></span> <span class='ocrx_word' id='word_1_453' title='bbox 440 3185 545 3232; x_wconf 84' lang='lat' dir='ltr'><strong>aerariunr</strong></span> <span class='ocrx_word' id='word_1_454' title='bbox 558 3185 649 3232; x_wconf 82' lang='lat' dir='ltr'><strong>conser-</strong></span> <span class='ocrx_word' id='word_1_455' title='bbox 681 3181 735 3228; x_wconf 83' lang='lat' dir='ltr'><strong>Far.</strong></span> <span class='ocrx_word' id='word_1_456' title='bbox 746 3183 980 3246; x_wconf 64' lang='lat' dir='ltr'><strong>praetigiturllffiae.</strong></span> <span class='ocrx_word' id='word_1_457' title='bbox 991 3181 1134 3246; x_wconf 79' lang='grc' dir='ltr'><strong><em>Πρόβουλος.</em></strong></span> <span class='ocrx_word' id='word_1_458' title='bbox 1152 3183 1232 3232; x_wconf 87' lang='lat' dir='ltr'><strong>Etiam</strong></span> 
     </span>
     <span class='ocr_line' id='line_1_42' title="bbox 91 3245 1233 3314; baseline 0.001 -19"><span class='ocrx_word' id='word_1_459' title='bbox 91 3255 132 3295; x_wconf 88' lang='lat' dir='ltr'><strong>ret</strong></span> <span class='ocrx_word' id='word_1_460' title='bbox 143 3250 306 3314; x_wconf 76' lang='lat' dir='ltr'><strong>unusquisque</strong></span> <span class='ocrx_word' id='word_1_461' title='bbox 325 3265 367 3312; x_wconf 88' lang='lat' dir='ltr'><strong>pru</strong></span> <span class='ocrx_word' id='word_1_462' title='bbox 383 3249 496 3296; x_wconf 78' lang='lat' dir='ltr'><strong>facultate</strong></span> <span class='ocrx_word' id='word_1_463' title='bbox 508 3255 596 3296; x_wconf 84' lang='lat' dir='ltr'><strong>certum</strong></span> <span class='ocrx_word' id='word_1_464' title='bbox 608 3264 649 3308; x_wconf 85' lang='lat' dir='ltr'><strong>pe·</strong></span> <span class='ocrx_word' id='word_1_465' title='bbox 681 3248 750 3294; x_wconf 85' lang='lat' dir='ltr'><strong>bene.</strong></span> <span class='ocrx_word' id='word_1_466' title='bbox 783 3245 813 3294; x_wconf 91' lang='lat' dir='ltr'><strong>In</strong></span> <span class='ocrx_word' id='word_1_467' title='bbox 831 3248 883 3294; x_wconf 85' lang='lat' dir='ltr'><strong>aliis</strong></span> <span class='ocrx_word' id='word_1_468' title='bbox 900 3254 980 3294; x_wconf 83' lang='lat' dir='ltr'><strong>autem</strong></span> <span class='ocrx_word' id='word_1_469' title='bbox 996 3245 1052 3294; x_wconf 88' lang='lat' dir='ltr'><strong>edd.</strong></span> <span class='ocrx_word' id='word_1_470' title='bbox 1064 3253 1116 3296; x_wconf 86' lang='lat' dir='ltr'><strong>XO·</strong></span> <span class='ocrx_word' id='word_1_471' title='bbox 1127 3253 1171 3295; x_wconf 76' lang='grc' dir='ltr'><strong><em>ΡΥ.</em></strong></span> <span class='ocrx_word' id='word_1_472' title='bbox 1182 3249 1199 3296; x_wconf 89' lang='lat' dir='ltr'><strong>i.</strong></span> <span class='ocrx_word' id='word_1_473' title='bbox 1210 3264 1233 3296; x_wconf 89' lang='lat' dir='ltr'><strong>c.</strong></span> 
     </span>
     <span class='ocr_line' id='line_1_43' title="bbox 92 3309 1232 3440; baseline -0.001 -16"><span class='ocrx_word' id='word_1_474' title='bbox 92 3313 650 3428; x_wconf 56' lang='lat' dir='ltr'><strong>§.llllluqltlllullllt“llill‘</strong></span> <span class='ocrx_word' id='word_1_475' title='bbox 681 3309 1232 3440; x_wconf 47' lang='lat' dir='ltr'><strong>lllll‘tll&#39;ll·diutili&amp;lt}</strong></span> 
     </span>
     <span class='ocr_line' id='line_1_44' title="bbox 287 3396 1159 3434; baseline -0.007 -8"><span class='ocrx_word' id='word_1_476' title='bbox 287 3396 301 3425; x_wconf 96' lang='lat' dir='ltr'><strong>u</strong></span> <span class='ocrx_word' id='word_1_477' title='bbox 340 3396 346 3412; x_wconf 92' lang='lat'><strong>··</strong></span> <span class='ocrx_word' id='word_1_478' title='bbox 400 3396 416 3425; x_wconf 93' lang='lat' dir='ltr'><strong>u</strong></span> <span class='ocrx_word' id='word_1_479' title='bbox 504 3396 522 3434; x_wconf 75' lang='grc' dir='ltr'><strong><em>ε,</em></strong></span> <span class='ocrx_word' id='word_1_480' title='bbox 640 3403 649 3413; x_wconf 91' lang='grc'>-</span> <span class='ocrx_word' id='word_1_481' title='bbox 797 3411 802 3422; x_wconf 95' lang='grc'><strong>.</strong></span> <span class='ocrx_word' id='word_1_482' title='bbox 858 3411 892 3424; x_wconf 90' lang='grc'><strong>..</strong></span> <span class='ocrx_word' id='word_1_483' title='bbox 919 3411 925 3424; x_wconf 90' lang='grc'><strong>.</strong></span> <span class='ocrx_word' id='word_1_484' title='bbox 1152 3411 1159 3433; x_wconf 90' lang='grc'><strong><em>,</em></strong></span> 
     </span>
     <span class='ocr_line' id='line_1_45' title="bbox 93 3393 1230 3505; baseline 0.001 -17"><span class='ocrx_word' id='word_1_485' title='bbox 93 3443 166 3490; x_wconf 87' lang='lat' dir='ltr'><strong>barus</strong></span> <span class='ocrx_word' id='word_1_486' title='bbox 187 3443 251 3490; x_wconf 85' lang='lat' dir='ltr'><strong>bello</strong></span> <span class='ocrx_word' id='word_1_487' title='bbox 270 3443 416 3491; x_wconf 79' lang='lat' dir='ltr'><strong>infestarent.</strong></span> <span class='ocrx_word' id='word_1_488' title='bbox 435 3395 483 3492; x_wconf 62' lang='lat' dir='ltr'><strong>tui</strong></span> <span class='ocrx_word' id='word_1_489' title='bbox 498 3395 566 3492; x_wconf 60' lang='lat' dir='ltr'><strong>ciii.</strong></span> <span class='ocrx_word' id='word_1_490' title='bbox 588 3449 604 3472; x_wconf 82' lang='lat'><strong>‘⁴</strong></span> <span class='ocrx_word' id='word_1_491' title='bbox 620 3441 650 3490; x_wconf 78' lang='grc' dir='ltr'><strong><em>δν</em></strong></span> <span class='ocrx_word' id='word_1_492' title='bbox 680 3443 750 3487; x_wconf 81' lang='lat' dir='ltr'><strong>male.</strong></span> <span class='ocrx_word' id='word_1_493' title='bbox 762 3441 846 3488; x_wconf 87' lang='lat' dir='ltr'><strong>Bnne.</strong></span> <span class='ocrx_word' id='word_1_494' title='bbox 875 3441 921 3490; x_wconf 88' lang='lat' dir='ltr'><strong>Hic</strong></span> <span class='ocrx_word' id='word_1_495' title='bbox 933 3393 1230 3505; x_wconf 54' lang='lat' dir='ltr'><strong>ciduoseqmersusmals</strong></span> 
     </span>
     <span class='ocr_line' id='line_1_46' title="bbox 92 3501 1231 3568; baseline 0.001 -14"><span class='ocrx_word' id='word_1_496' title='bbox 92 3523 144 3556; x_wconf 88' lang='lat' dir='ltr'><strong>om.</strong></span> <span class='ocrx_word' id='word_1_497' title='bbox 157 3505 235 3554; x_wconf 85' lang='grc' dir='ltr'><strong><em>Μετ.”</em></strong></span> <span class='ocrx_word' id='word_1_498' title='bbox 248 3501 331 3555; x_wconf 76' lang='grc' dir='ltr'><strong><em>Βοτκ.</em></strong></span> <span class='ocrx_word' id='word_1_499' title='bbox 681 3505 787 3553; x_wconf 87' lang='lat' dir='ltr'><strong>distincti</strong></span> <span class='ocrx_word' id='word_1_500' title='bbox 798 3514 862 3554; x_wconf 83' lang='lat' dir='ltr'><strong>suut.</strong></span> <span class='ocrx_word' id='word_1_501' title='bbox 894 3505 924 3554; x_wconf 81' lang='lat' dir='ltr'><strong>ru</strong></span> <span class='ocrx_word' id='word_1_502' title='bbox 935 3505 1019 3568; x_wconf 80' lang='lat' dir='ltr'><strong>Regiis</strong></span> <span class='ocrx_word' id='word_1_503' title='bbox 1029 3506 1119 3555; x_wconf 83' lang='lat' dir='ltr'><strong>diversa</strong></span> <span class='ocrx_word' id='word_1_504' title='bbox 1137 3513 1174 3553; x_wconf 83' lang='lat' dir='ltr'><strong>est</strong></span> <span class='ocrx_word' id='word_1_505' title='bbox 1185 3519 1231 3555; x_wconf 86' lang='lat' dir='ltr'><strong>nec</strong></span> 
     </span>
     <span class='ocr_line' id='line_1_47' title="bbox 127 3568 1232 3634; baseline 0.001 -16"><span class='ocrx_word' id='word_1_506' title='bbox 127 3575 186 3619; x_wconf 78' lang='grc'><strong><em>653.</em></strong></span> <span class='ocrx_word' id='word_1_507' title='bbox 201 3572 292 3620; x_wconf 87' lang='lat' dir='ltr'><strong>Locum</strong></span> <span class='ocrx_word' id='word_1_508' title='bbox 307 3574 369 3620; x_wconf 89' lang='lat' dir='ltr'><strong>hunc</strong></span> <span class='ocrx_word' id='word_1_509' title='bbox 380 3588 410 3620; x_wconf 81' lang='lat' dir='ltr'><strong>ex</strong></span> <span class='ocrx_word' id='word_1_510' title='bbox 420 3579 479 3619; x_wconf 84' lang='lat' dir='ltr'><strong>vett.</strong></span> <span class='ocrx_word' id='word_1_511' title='bbox 495 3571 648 3620; x_wconf 82' lang='lat' dir='ltr'><strong>Schollrena</strong></span> <span class='ocrx_word' id='word_1_512' title='bbox 681 3578 760 3617; x_wconf 77' lang='lat' dir='ltr'><strong>tamen</strong></span> <span class='ocrx_word' id='word_1_513' title='bbox 779 3572 863 3618; x_wconf 89' lang='lat' dir='ltr'><strong>melior</strong></span> <span class='ocrx_word' id='word_1_514' title='bbox 881 3571 948 3633; x_wconf 85' lang='lat' dir='ltr'><strong>primi</strong></span> <span class='ocrx_word' id='word_1_515' title='bbox 967 3573 1097 3634; x_wconf 85' lang='lat' dir='ltr'><strong>scriptura:</strong></span> <span class='ocrx_word' id='word_1_516' title='bbox 1114 3571 1180 3619; x_wconf 73' lang='grc' dir='ltr'><strong><em>ταῦτ’</em></strong></span> <span class='ocrx_word' id='word_1_517' title='bbox 1191 3568 1232 3619; x_wconf 79' lang='grc' dir='ltr'><strong>τόν</strong></span> 
     </span>
     <span class='ocr_line' id='line_1_48' title="bbox 91 3633 1231 3698; baseline 0.004 -16"><span class='ocrx_word' id='word_1_518' title='bbox 91 3635 200 3698; x_wconf 83' lang='lat' dir='ltr'><strong>explicat</strong></span> <span class='ocrx_word' id='word_1_519' title='bbox 217 3635 284 3684; x_wconf 86' lang='lat' dir='ltr'><strong>Suid.</strong></span> <span class='ocrx_word' id='word_1_520' title='bbox 303 3654 325 3683; x_wconf 87' lang='lat' dir='ltr'><strong>v.</strong></span> <span class='ocrx_word' id='word_1_521' title='bbox 343 3636 436 3695; x_wconf 70' lang='grc' dir='ltr'><strong><em>Μηδικὴ</em></strong></span> <span class='ocrx_word' id='word_1_522' title='bbox 453 3643 478 3684; x_wconf 90' lang='lat' dir='ltr'><strong>et</strong></span> <span class='ocrx_word' id='word_1_523' title='bbox 492 3653 516 3684; x_wconf 88' lang='grc' dir='ltr'><strong>τ,</strong></span> <span class='ocrx_word' id='word_1_524' title='bbox 526 3637 648 3696; x_wconf 70' lang='grc' dir='ltr'><strong><em>παππῷον.</em></strong></span> <span class='ocrx_word' id='word_1_525' title='bbox 681 3633 926 3698; x_wconf 78' lang='grc' dir='ltr'><strong><em>οόχδβριςτδπρᾶημ’</em></strong></span> <span class='ocrx_word' id='word_1_526' title='bbox 935 3635 1008 3685; x_wconf 74' lang='grc' dir='ltr'><strong><em>ἐστίν.</em></strong></span> <span class='ocrx_word' id='word_1_527' title='bbox 1022 3636 1151 3684; x_wconf 82' lang='lat' dir='ltr'><strong>Rescribe:</strong></span> <span class='ocrx_word' id='word_1_528' title='bbox 1163 3637 1231 3686; x_wconf 55' lang='lat' dir='ltr'><strong>ra&amp;</strong></span> 
     </span>
     <span class='ocr_line' id='line_1_49' title="bbox 92 3699 1231 3766; baseline 0.004 -20"><span class='ocrx_word' id='word_1_529' title='bbox 92 3699 178 3746; x_wconf 86' lang='lat' dir='ltr'><strong>Kusr.</strong></span> <span class='ocrx_word' id='word_1_530' title='bbox 195 3699 237 3749; x_wconf 82' lang='grc' dir='ltr'><strong>τδν</strong></span> <span class='ocrx_word' id='word_1_531' title='bbox 257 3700 345 3764; x_wconf 76' lang='grc' dir='ltr'><strong><em>ἔρανον.</em></strong></span> <span class='ocrx_word' id='word_1_532' title='bbox 379 3703 443 3750; x_wconf 83' lang='grc' dir='ltr'><strong><em>ΙΙΙαά</em></strong></span> <span class='ocrx_word' id='word_1_533' title='bbox 464 3701 580 3750; x_wconf 87' lang='lat' dir='ltr'><strong>tributum</strong></span> <span class='ocrx_word' id='word_1_534' title='bbox 601 3711 647 3762; x_wconf 89' lang='lat' dir='ltr'><strong>est,</strong></span> <span class='ocrx_word' id='word_1_535' title='bbox 680 3700 727 3759; x_wconf 85' lang='grc' dir='ltr'><strong>οιίχ</strong></span> <span class='ocrx_word' id='word_1_536' title='bbox 737 3699 802 3763; x_wconf 79' lang='grc' dir='ltr'><strong><em>ὕβρις</em></strong></span> <span class='ocrx_word' id='word_1_537' title='bbox 812 3701 844 3752; x_wconf 83' lang='grc' dir='ltr'><strong>τά</strong></span> <span class='ocrx_word' id='word_1_538' title='bbox 853 3700 970 3762; x_wconf 73' lang='grc' dir='ltr'><strong><em>πράγματ’</em></strong></span> <span class='ocrx_word' id='word_1_539' title='bbox 985 3699 991 3766; x_wconf 98' lang='grc' dir='ltr'>Ι</span> <span class='ocrx_word' id='word_1_540' title='bbox 1004 3701 1056 3750; x_wconf 69' lang='grc' dir='ltr'><strong><em>ἐστὶ</em></strong></span> <span class='ocrx_word' id='word_1_541' title='bbox 1068 3701 1164 3758; x_wconf 88' lang='grc' dir='ltr'><strong><em>πολλή;</em></strong></span> <span class='ocrx_word' id='word_1_542' title='bbox 1189 3701 1231 3750; x_wconf 85' lang='grc' dir='ltr'><strong>κά·</strong></span> 
     </span>
     <span class='ocr_line' id='line_1_50' title="bbox 90 3762 1229 3829; baseline 0.003 -17"><span class='ocrx_word' id='word_1_543' title='bbox 90 3763 159 3826; x_wconf 89' lang='lat' dir='ltr'><strong>quod</strong></span> <span class='ocrx_word' id='word_1_544' title='bbox 170 3765 294 3814; x_wconf 79' lang='lat' dir='ltr'><strong>ordinante</strong></span> <span class='ocrx_word' id='word_1_545' title='bbox 305 3765 406 3814; x_wconf 77' lang='lat' dir='ltr'><strong>Aristide</strong></span> <span class='ocrx_word' id='word_1_546' title='bbox 416 3765 566 3814; x_wconf 81' lang='lat' dir='ltr'><strong>coutulerunt</strong></span> <span class='ocrx_word' id='word_1_547' title='bbox 575 3781 648 3827; x_wconf 89' lang='lat' dir='ltr'><strong>quum</strong></span> <span class='ocrx_word' id='word_1_548' title='bbox 679 3763 790 3814; x_wconf 85' lang='grc' dir='ltr'><strong><em>πιδόσειν</em></strong></span> <span class='ocrx_word' id='word_1_549' title='bbox 810 3762 814 3828; x_wconf 95' lang='grc' dir='ltr'>Ι</span> <span class='ocrx_word' id='word_1_550' title='bbox 835 3783 874 3826; x_wconf 87' lang='grc' dir='ltr'><strong>μοι</strong></span> <span class='ocrx_word' id='word_1_551' title='bbox 893 3767 957 3814; x_wconf 74' lang='grc' dir='ltr'><strong><em>δοκεῖ</em></strong></span> <span class='ocrx_word' id='word_1_552' title='bbox 974 3766 1003 3812; x_wconf 80' lang='grc' dir='ltr'><strong>τό</strong></span> <span class='ocrx_word' id='word_1_553' title='bbox 1026 3765 1106 3829; x_wconf 74' lang='grc' dir='ltr'><strong><em>χρῆμα</em></strong></span> <span class='ocrx_word' id='word_1_554' title='bbox 1125 3767 1229 3826; x_wconf 79' lang='grc' dir='ltr'><strong><em>μᾶλλον.</em></strong></span> 
     </span>
     <span class='ocr_line' id='line_1_51' title="bbox 89 3828 1229 3892; baseline 0.002 -16"><span class='ocrx_word' id='word_1_555' title='bbox 89 3829 174 3876; x_wconf 84' lang='lat' dir='ltr'><strong>Persae</strong></span> <span class='ocrx_word' id='word_1_556' title='bbox 191 3829 335 3878; x_wconf 84' lang='lat' dir='ltr'><strong>invasissent</strong></span> <span class='ocrx_word' id='word_1_557' title='bbox 354 3831 491 3879; x_wconf 73' lang='lat' dir='ltr'><strong>Graciam:</strong></span> <span class='ocrx_word' id='word_1_558' title='bbox 509 3829 541 3878; x_wconf 83' lang='grc' dir='ltr'><strong>τά</strong></span> <span class='ocrx_word' id='word_1_559' title='bbox 557 3828 649 3888; x_wconf 86' lang='grc' dir='ltr'><strong><em>Μηδικά</em></strong></span> <span class='ocrx_word' id='word_1_560' title='bbox 680 3829 773 3877; x_wconf 82' lang='lat' dir='ltr'><strong>Primus</strong></span> <span class='ocrx_word' id='word_1_561' title='bbox 785 3829 885 3878; x_wconf 88' lang='lat' dir='ltr'><strong>dimeter</strong></span> <span class='ocrx_word' id='word_1_562' title='bbox 895 3837 932 3877; x_wconf 83' lang='lat' dir='ltr'><strong>est</strong></span> <span class='ocrx_word' id='word_1_563' title='bbox 942 3829 1056 3878; x_wconf 90' lang='lat' dir='ltr'><strong>iambicus</strong></span> <span class='ocrx_word' id='word_1_564' title='bbox 1073 3829 1143 3878; x_wconf 84' lang='lat' dir='ltr'><strong>catal.</strong></span> <span class='ocrx_word' id='word_1_565' title='bbox 1159 3845 1229 3892; x_wconf 91' lang='lat' dir='ltr'><strong>quern</strong></span> 
     </span>
     <span class='ocr_line' id='line_1_52' title="bbox 90 3893 1232 3958; baseline 0.003 -17"><span class='ocrx_word' id='word_1_566' title='bbox 90 3893 160 3942; x_wconf 86' lang='lat' dir='ltr'><strong>enim</strong></span> <span class='ocrx_word' id='word_1_567' title='bbox 178 3903 233 3942; x_wconf 83' lang='lat' dir='ltr'><strong>sunt</strong></span> <span class='ocrx_word' id='word_1_568' title='bbox 250 3893 283 3944; x_wconf 84' lang='grc' dir='ltr'><strong>τά</strong></span> <span class='ocrx_word' id='word_1_569' title='bbox 299 3895 401 3958; x_wconf 81' lang='grc' dir='ltr'><strong><em>Περσικὰ</em></strong></span> <span class='ocrx_word' id='word_1_570' title='bbox 412 3897 475 3958; x_wconf 90' lang='lat' dir='ltr'><strong>apud</strong></span> <span class='ocrx_word' id='word_1_571' title='bbox 489 3897 562 3942; x_wconf 83' lang='lat' dir='ltr'><strong>bonos</strong></span> <span class='ocrx_word' id='word_1_572' title='bbox 573 3897 648 3956; x_wconf 88' lang='lat' dir='ltr'><strong>scrip·</strong></span> <span class='ocrx_word' id='word_1_573' title='bbox 680 3903 809 3958; x_wconf 85' lang='lat' dir='ltr'><strong>sequnntur</strong></span> <span class='ocrx_word' id='word_1_574' title='bbox 820 3897 867 3941; x_wconf 90' lang='lat' dir='ltr'><strong>duo</strong></span> <span class='ocrx_word' id='word_1_575' title='bbox 877 3895 968 3942; x_wconf 82' lang='lat' dir='ltr'><strong>dimetri</strong></span> <span class='ocrx_word' id='word_1_576' title='bbox 981 3893 1232 3944; x_wconf 78' lang='lat' dir='ltr'><strong>trochaicissnuucrr.</strong></span> 
     </span>
     <span class='ocr_line' id='line_1_53' title="bbox 89 3956 1231 4021; baseline 0.003 -17"><span class='ocrx_word' id='word_1_577' title='bbox 89 3959 265 4008; x_wconf 77' lang='lat' dir='ltr'><strong>toressscno.</strong></span> <span class='ocrx_word' id='word_1_578' title='bbox 282 3959 322 4008; x_wconf 80' lang='lat' dir='ltr'><strong>uo.</strong></span> <span class='ocrx_word' id='word_1_579' title='bbox 341 3960 379 4008; x_wconf 72' lang='lat' dir='ltr'><strong>dri</strong></span> <span class='ocrx_word' id='word_1_580' title='bbox 396 3961 453 4008; x_wconf 81' lang='grc' dir='ltr'><strong><em>τῶν.</em></strong></span> <span class='ocrx_word' id='word_1_581' title='bbox 481 3958 513 4008; x_wconf 86' lang='lat' dir='ltr'><strong>V.</strong></span> <span class='ocrx_word' id='word_1_582' title='bbox 537 3959 604 4006; x_wconf 88' lang='lat' dir='ltr'><strong>Suid.</strong></span> <span class='ocrx_word' id='word_1_583' title='bbox 622 3959 648 4008; x_wconf 88' lang='lat' dir='ltr'><strong>in</strong></span> <span class='ocrx_word' id='word_1_584' title='bbox 680 3959 780 4006; x_wconf 84' lang='lat' dir='ltr'><strong>Scribe:</strong></span> <span class='ocrx_word' id='word_1_585' title='bbox 797 3957 1048 4021; x_wconf 72' lang='grc' dir='ltr'><strong><em>ταδτόόνοόχόβρις</em></strong></span> <span class='ocrx_word' id='word_1_586' title='bbox 1063 3959 1095 4006; x_wconf 83' lang='grc' dir='ltr'><strong>τά</strong></span> <span class='ocrx_word' id='word_1_587' title='bbox 1110 3956 1231 4019; x_wconf 78' lang='grc' dir='ltr'><strong><em>πράγματ’</em></strong></span> 
     </span>
     <span class='ocr_line' id='line_1_54' title="bbox 90 4019 1230 4084; baseline 0 -13"><span class='ocrx_word' id='word_1_588' title='bbox 90 4025 219 4081; x_wconf 67' lang='lat' dir='ltr'><strong>mutnus:</strong></span> <span class='ocrx_word' id='word_1_589' title='bbox 243 4025 306 4074; x_wconf 66' lang='grc' dir='ltr'><strong>εἰέκ</strong></span> <span class='ocrx_word' id='word_1_590' title='bbox 322 4025 423 4072; x_wconf 75' lang='lat' dir='ltr'><strong>scinu</strong></span> <span class='ocrx_word' id='word_1_591' title='bbox 433 4025 649 4073; x_wconf 70' lang='grc' dir='ltr'><strong><em>παπτάναΒευτ.</em></strong></span> <span class='ocrx_word' id='word_1_592' title='bbox 681 4021 731 4072; x_wconf 71' lang='lat' dir='ltr'><strong>dori</strong></span> <span class='ocrx_word' id='word_1_593' title='bbox 744 4041 765 4071; x_wconf 88' lang='grc' dir='ltr'><strong>κ.</strong></span> <span class='ocrx_word' id='word_1_594' title='bbox 776 4040 798 4070; x_wconf 91' lang='grc' dir='ltr'><strong>τ.</strong></span> <span class='ocrx_word' id='word_1_595' title='bbox 810 4031 835 4072; x_wconf 92' lang='grc' dir='ltr'><strong>λ.</strong></span> <span class='ocrx_word' id='word_1_596' title='bbox 847 4023 936 4070; x_wconf 77' lang='lat' dir='ltr'><strong>Hanni.</strong></span> <span class='ocrx_word' id='word_1_597' title='bbox 960 4024 1028 4072; x_wconf 63' lang='grc' dir='ltr'><strong><em>ταῦτ’</em></strong></span> <span class='ocrx_word' id='word_1_598' title='bbox 1046 4019 1087 4072; x_wconf 80' lang='grc' dir='ltr'><strong><em>σόν</em></strong></span> <span class='ocrx_word' id='word_1_599' title='bbox 1106 4023 1152 4084; x_wconf 79' lang='grc' dir='ltr'><strong>οὐχ</strong></span> <span class='ocrx_word' id='word_1_600' title='bbox 1167 4022 1230 4072; x_wconf 86' lang='grc' dir='ltr'><strong><em>δ.τδ</em></strong></span> 
     </span>
     <span class='ocr_line' id='line_1_55' title="bbox 89 4087 1075 4154; baseline -0.002 -17"><span class='ocrx_word' id='word_1_601' title='bbox 89 4093 121 4137; x_wconf 84' lang='lat' dir='ltr'><strong>V.</strong></span> <span class='ocrx_word' id='word_1_602' title='bbox 133 4089 272 4136; x_wconf 80' lang='lat' dir='ltr'><strong>Schneider.</strong></span> <span class='ocrx_word' id='word_1_603' title='bbox 292 4089 323 4137; x_wconf 90' lang='lat' dir='ltr'><strong>ad</strong></span> <span class='ocrx_word' id='word_1_604' title='bbox 340 4090 451 4154; x_wconf 84' lang='lat' dir='ltr'><strong>Xenoplr.</strong></span> <span class='ocrx_word' id='word_1_605' title='bbox 473 4105 555 4154; x_wconf 89' lang='lat' dir='ltr'><strong>opusc.</strong></span> <span class='ocrx_word' id='word_1_606' title='bbox 578 4089 648 4153; x_wconf 89' lang='lat' dir='ltr'><strong>polit.</strong></span> <span class='ocrx_word' id='word_1_607' title='bbox 679 4088 768 4152; x_wconf 76' lang='grc' dir='ltr'><strong><em>πρᾶγμ’</em></strong></span> <span class='ocrx_word' id='word_1_608' title='bbox 779 4087 837 4151; x_wconf 85' lang='lat' dir='ltr'><strong>(sic)</strong></span> <span class='ocrx_word' id='word_1_609' title='bbox 853 4089 901 4135; x_wconf 79' lang='lat' dir='ltr'><strong>nte.</strong></span> <span class='ocrx_word' id='word_1_610' title='bbox 911 4087 977 4135; x_wconf 75' lang='lat' dir='ltr'><strong>l‘rin.</strong></span> <span class='ocrx_word' id='word_1_611' title='bbox 988 4087 1075 4136; x_wconf 85' lang='lat' dir='ltr'><strong>Dosa.</strong></span> 
     </span>
     <span class='ocr_line' id='line_1_56' title="bbox 88 4151 1231 4216; baseline -0.003 -14"><span class='ocrx_word' id='word_1_612' title='bbox 88 4169 116 4216; x_wconf 89' lang='lat' dir='ltr'><strong>p.</strong></span> <span class='ocrx_word' id='word_1_613' title='bbox 131 4157 188 4202; x_wconf 76' lang='lat'><strong>125.</strong></span> <span class='ocrx_word' id='word_1_614' title='bbox 199 4153 282 4201; x_wconf 84' lang='lat' dir='ltr'><strong>Drun.</strong></span> <span class='ocrx_word' id='word_1_615' title='bbox 711 4157 812 4202; x_wconf 86' lang='grc'><strong><em>65960.</em></strong></span> <span class='ocrx_word' id='word_1_616' title='bbox 829 4153 846 4181; x_wconf 85' lang='lat'><strong>‘⁴</strong></span> <span class='ocrx_word' id='word_1_617' title='bbox 859 4153 924 4200; x_wconf 85' lang='lat' dir='ltr'><strong>Citat</strong></span> <span class='ocrx_word' id='word_1_618' title='bbox 934 4152 1018 4200; x_wconf 77' lang='lat' dir='ltr'><strong>Stridet</strong></span> <span class='ocrx_word' id='word_1_619' title='bbox 1028 4169 1051 4201; x_wconf 88' lang='lat' dir='ltr'><strong>v.</strong></span> <span class='ocrx_word' id='word_1_620' title='bbox 1062 4151 1231 4216; x_wconf 74' lang='grc' dir='ltr'><strong><em>κάπιδιόσειν.”</em></strong></span> 
     </span>
     <span class='ocr_line' id='line_1_57' title="bbox 125 4215 1231 4282; baseline 0.001 -17"><span class='ocrx_word' id='word_1_621' title='bbox 125 4221 184 4266; x_wconf 76' lang='lat' dir='ltr'><strong>ort.</strong></span> <span class='ocrx_word' id='word_1_622' title='bbox 201 4215 260 4267; x_wconf 73' lang='lat' dir='ltr'><strong>rire.</strong></span> <span class='ocrx_word' id='word_1_623' title='bbox 281 4217 350 4267; x_wconf 82' lang='lat' dir='ltr'><strong>Hunc</strong></span> <span class='ocrx_word' id='word_1_624' title='bbox 361 4217 502 4282; x_wconf 87' lang='lat' dir='ltr'><strong>particulam</strong></span> <span class='ocrx_word' id='word_1_625' title='bbox 512 4217 592 4265; x_wconf 84' lang='lat' dir='ltr'><strong>Schol.</strong></span> <span class='ocrx_word' id='word_1_626' title='bbox 609 4219 647 4268; x_wconf 86' lang='lat' dir='ltr'><strong>lric</strong></span> <span class='ocrx_word' id='word_1_627' title='bbox 678 4217 756 4280; x_wconf 86' lang='lat' dir='ltr'><strong>Toup.</strong></span> <span class='ocrx_word' id='word_1_628' title='bbox 774 4218 798 4264; x_wconf 90' lang='lat' dir='ltr'><strong>in</strong></span> <span class='ocrx_word' id='word_1_629' title='bbox 809 4217 874 4264; x_wconf 89' lang='lat' dir='ltr'><strong>Suid.</strong></span> <span class='ocrx_word' id='word_1_630' title='bbox 887 4216 912 4263; x_wconf 91' lang='lat' dir='ltr'><strong>ii.</strong></span> <span class='ocrx_word' id='word_1_631' title='bbox 925 4233 947 4280; x_wconf 90' lang='grc' dir='ltr'><strong><em>ρ.</em></strong></span> <span class='ocrx_word' id='word_1_632' title='bbox 959 4222 998 4265; x_wconf 91' lang='grc'><strong><em>69.</em></strong></span> <span class='ocrx_word' id='word_1_633' title='bbox 1010 4218 1070 4265; x_wconf 77' lang='grc' dir='ltr'><strong><em>δοκῶ</em></strong></span> <span class='ocrx_word' id='word_1_634' title='bbox 1080 4217 1148 4264; x_wconf 86' lang='lat' dir='ltr'><strong>Suid.</strong></span> <span class='ocrx_word' id='word_1_635' title='bbox 1158 4219 1198 4265; x_wconf 89' lang='lat' dir='ltr'><strong>ed.</strong></span> <span class='ocrx_word' id='word_1_636' title='bbox 1209 4235 1231 4266; x_wconf 89' lang='grc' dir='ltr'><strong>τ.</strong></span> 
     </span>
     <span class='ocr_line' id='line_1_58' title="bbox 88 4279 1021 4332; baseline 0.001 -4"><span class='ocrx_word' id='word_1_637' title='bbox 88 4279 153 4329; x_wconf 89' lang='lat' dir='ltr'><strong>dicit</strong></span> <span class='ocrx_word' id='word_1_638' title='bbox 169 4281 298 4330; x_wconf 83' lang='lat' dir='ltr'><strong>abrrudare.</strong></span> <span class='ocrx_word' id='word_1_639' title='bbox 315 4283 401 4329; x_wconf 82' lang='lat' dir='ltr'><strong>Base.</strong></span> <span class='ocrx_word' id='word_1_640' title='bbox 426 4283 475 4329; x_wconf 82' lang='lat' dir='ltr'><strong>lvls.</strong></span> <span class='ocrx_word' id='word_1_641' title='bbox 495 4279 536 4330; x_wconf 74' lang='grc' dir='ltr'><strong><em>εἶτ’</em></strong></span> <span class='ocrx_word' id='word_1_642' title='bbox 557 4283 646 4332; x_wconf 72' lang='lat' dir='ltr'><strong>dcund-</strong></span> <span class='ocrx_word' id='word_1_643' title='bbox 680 4285 757 4332; x_wconf 88' lang='grc' dir='ltr'><strong><em>κατιδ.</em></strong></span> <span class='ocrx_word' id='word_1_644' title='bbox 771 4281 814 4328; x_wconf 87' lang='lat' dir='ltr'><strong>sed</strong></span> <span class='ocrx_word' id='word_1_645' title='bbox 825 4298 871 4330; x_wconf 90' lang='lat' dir='ltr'><strong>orn.</strong></span> <span class='ocrx_word' id='word_1_646' title='bbox 882 4281 930 4329; x_wconf 89' lang='grc' dir='ltr'><strong>Μτ.</strong></span> <span class='ocrx_word' id='word_1_647' title='bbox 942 4281 1021 4330; x_wconf 87' lang='lat' dir='ltr'><strong>Pons.</strong></span> 
     </span>
     <span class='ocr_line' id='line_1_59' title="bbox 87 4344 1231 4412; baseline 0 -17"><span class='ocrx_word' id='word_1_648' title='bbox 87 4363 186 4396; x_wconf 89' lang='grc' dir='ltr'><strong><em>σαντες.</em></strong></span> <span class='ocrx_word' id='word_1_649' title='bbox 203 4347 232 4394; x_wconf 83' lang='grc' dir='ltr'><strong>τδ</strong></span> <span class='ocrx_word' id='word_1_650' title='bbox 249 4344 300 4396; x_wconf 77' lang='grc' dir='ltr'><strong><em>εἶτα</em></strong></span> <span class='ocrx_word' id='word_1_651' title='bbox 315 4347 443 4412; x_wconf 75' lang='grc' dir='ltr'><strong><em>παρέλκετε</em></strong></span> <span class='ocrx_word' id='word_1_652' title='bbox 469 4349 510 4394; x_wconf 81' lang='grc' dir='ltr'><strong>τεά</strong></span> <span class='ocrx_word' id='word_1_653' title='bbox 529 4347 588 4395; x_wconf 85' lang='lat' dir='ltr'><strong>lorte</strong></span> <span class='ocrx_word' id='word_1_654' title='bbox 606 4349 647 4397; x_wconf 77' lang='lat' dir='ltr'><strong>dn·</strong></span> <span class='ocrx_word' id='word_1_655' title='bbox 712 4351 769 4406; x_wconf 83' lang='grc'><strong><em>661.</em></strong></span> <span class='ocrx_word' id='word_1_656' title='bbox 786 4345 892 4410; x_wconf 74' lang='grc' dir='ltr'><strong><em>ἐνόρχης.</em></strong></span> <span class='ocrx_word' id='word_1_657' title='bbox 933 4347 997 4402; x_wconf 86' lang='lat' dir='ltr'><strong>Quia</strong></span> <span class='ocrx_word' id='word_1_658' title='bbox 1018 4361 1072 4395; x_wconf 92' lang='lat' dir='ltr'><strong>cum</strong></span> <span class='ocrx_word' id='word_1_659' title='bbox 1092 4346 1231 4396; x_wconf 87' lang='lat' dir='ltr'><strong>mulieribus</strong></span> 
     </span>
     <span class='ocr_line' id='line_1_60' title="bbox 87 4409 1232 4478; baseline 0.002 -19"><span class='ocrx_word' id='word_1_660' title='bbox 87 4411 282 4478; x_wconf 80' lang='grc' dir='ltr'><strong><em>ταναλόσαντες.</em></strong></span> <span class='ocrx_word' id='word_1_661' title='bbox 305 4411 390 4462; x_wconf 81' lang='lat' dir='ltr'><strong>Bnur.</strong></span> <span class='ocrx_word' id='word_1_662' title='bbox 417 4409 459 4460; x_wconf 76' lang='grc' dir='ltr'><strong><em>τότ’</em></strong></span> <span class='ocrx_word' id='word_1_663' title='bbox 475 4410 648 4462; x_wconf 83' lang='grc' dir='ltr'><strong><em>άναλόσαντες.</em></strong></span> <span class='ocrx_word' id='word_1_664' title='bbox 680 4412 711 4459; x_wconf 83' lang='grc' dir='ltr'><strong>ἰίτ</strong></span> <span class='ocrx_word' id='word_1_665' title='bbox 721 4412 842 4474; x_wconf 85' lang='lat' dir='ltr'><strong>negotium</strong></span> <span class='ocrx_word' id='word_1_666' title='bbox 852 4421 898 4460; x_wconf 87' lang='lat' dir='ltr'><strong>est.</strong></span> <span class='ocrx_word' id='word_1_667' title='bbox 929 4413 1030 4474; x_wconf 86' lang='lat' dir='ltr'><strong>Oportet</strong></span> <span class='ocrx_word' id='word_1_668' title='bbox 1040 4419 1119 4460; x_wconf 85' lang='lat' dir='ltr'><strong>autem</strong></span> <span class='ocrx_word' id='word_1_669' title='bbox 1129 4427 1179 4460; x_wconf 83' lang='lat' dir='ltr'><strong>rem</strong></span> <span class='ocrx_word' id='word_1_670' title='bbox 1189 4413 1232 4474; x_wconf 80' lang='lat' dir='ltr'><strong>ogi</strong></span> 
     </span>
     <span class='ocr_line' id='line_1_61' title="bbox 86 4475 1233 4542; baseline 0.002 -20"><span class='ocrx_word' id='word_1_671' title='bbox 86 4475 175 4523; x_wconf 86' lang='lat' dir='ltr'><strong>Metro</strong></span> <span class='ocrx_word' id='word_1_672' title='bbox 203 4489 299 4526; x_wconf 88' lang='lat' dir='ltr'><strong>coactns</strong></span> <span class='ocrx_word' id='word_1_673' title='bbox 325 4485 397 4540; x_wconf 79' lang='lat' dir='ltr'><strong>poeta</strong></span> <span class='ocrx_word' id='word_1_674' title='bbox 428 4475 567 4538; x_wconf 88' lang='lat' dir='ltr'><strong>particulam</strong></span> <span class='ocrx_word' id='word_1_675' title='bbox 597 4476 648 4526; x_wconf 77' lang='lat' dir='ltr'><strong>elru</strong></span> <span class='ocrx_word' id='word_1_676' title='bbox 681 4480 776 4539; x_wconf 80' lang='lat' dir='ltr'><strong>mugnis</strong></span> <span class='ocrx_word' id='word_1_677' title='bbox 786 4477 891 4534; x_wconf 79' lang='lat' dir='ltr'><strong>testibus,</strong></span> <span class='ocrx_word' id='word_1_678' title='bbox 903 4484 931 4524; x_wconf 93' lang='lat' dir='ltr'><strong>ut</strong></span> <span class='ocrx_word' id='word_1_679' title='bbox 940 4485 978 4524; x_wconf 91' lang='lat' dir='ltr'><strong>est</strong></span> <span class='ocrx_word' id='word_1_680' title='bbox 989 4478 1013 4524; x_wconf 86' lang='lat' dir='ltr'><strong>in</strong></span> <span class='ocrx_word' id='word_1_681' title='bbox 1022 4477 1136 4542; x_wconf 72' lang='lat' dir='ltr'><strong>Priapes.</strong></span> <span class='ocrx_word' id='word_1_682' title='bbox 1147 4477 1233 4526; x_wconf 84' lang='lat' dir='ltr'><strong>Bsno.</strong></span> 
     </span>
     <span class='ocr_line' id='line_1_62' title="bbox 88 4539 1017 4606; baseline 0.003 -19"><span class='ocrx_word' id='word_1_683' title='bbox 88 4543 150 4588; x_wconf 85' lang='lat' dir='ltr'><strong>aute</strong></span> <span class='ocrx_word' id='word_1_684' title='bbox 159 4541 313 4606; x_wconf 87' lang='lat' dir='ltr'><strong>participium</strong></span> <span class='ocrx_word' id='word_1_685' title='bbox 330 4541 465 4597; x_wconf 77' lang='lat' dir='ltr'><strong>collocavit,</strong></span> <span class='ocrx_word' id='word_1_686' title='bbox 483 4555 536 4603; x_wconf 80' lang='lat' dir='ltr'><strong>quae</strong></span> <span class='ocrx_word' id='word_1_687' title='bbox 553 4541 576 4590; x_wconf 83' lang='lat' dir='ltr'><strong>ei</strong></span> <span class='ocrx_word' id='word_1_688' title='bbox 592 4543 647 4598; x_wconf 73' lang='lat' dir='ltr'><strong>enh·</strong></span> <span class='ocrx_word' id='word_1_689' title='bbox 682 4541 748 4592; x_wconf 76' lang='lat' dir='ltr'><strong>doras</strong></span> <span class='ocrx_word' id='word_1_690' title='bbox 759 4541 784 4592; x_wconf 71' lang='grc' dir='ltr'><strong><em>ἐν</em></strong></span> <span class='ocrx_word' id='word_1_691' title='bbox 794 4543 844 4592; x_wconf 88' lang='grc' dir='ltr'><strong>Μτ.</strong></span> <span class='ocrx_word' id='word_1_692' title='bbox 855 4543 920 4591; x_wconf 85' lang='lat' dir='ltr'><strong>Trin.</strong></span> <span class='ocrx_word' id='word_1_693' title='bbox 932 4539 1017 4591; x_wconf 85' lang='lat' dir='ltr'><strong>Dosn.</strong></span> 
     </span>
    </p>
   </div>
   <div class='ocr_carea' id='block_1_3' title="bbox 0 0 1456 4908">
    <p class='ocr_par' dir='ltr' id='par_1_3' title="bbox 0 0 1456 4908">
     <span class='ocr_line' id='line_1_63' title="bbox 0 0 1456 4908; baseline 0 1"><span class='ocrx_word' id='word_1_694' title='bbox 0 0 1456 4908; x_wconf 95' lang='lat' dir='ltr'><strong> </strong></span> 
     </span>
    </p>
   </div>
  </div>
 </body>
</html>
