2904 4908
51 429 95 489 v.
110 429 271 508 ιιοοαοη
445 437 448 450 ’
497 430 764 523 mmmmm.
1059 475 1091 494 .
1133 433 1193 507 soz

54 589 165 654 alfisque
180 591 205 638 in
225 590 291 646 locis,
302 590 344 638 ubi
355 591 612 640 emendationumred-
644 590 720 639 edidit
730 591 802 640 Kust.
816 590 929 642 nomes
939 590 1018 648 τίδαι,
1035 592 1090 656 quia
1104 591 1192 642 utrius·

56 654 134 702 detur
142 655 211 703 ratio.
245 655 284 702 Sic
300 655 430 717 Apollonio
438 655 473 704 iii.
485 661 542 706 517.
556 656 611 704 tiro·
626 650 628 659 ’
644 672 690 719 que
704 656 772 718 pedis
781 671 831 703 non
848 672 920 704 unum
932 656 1040 720 digitum,
1059 671 1193 704 unarncot·

53 719 207 776 πτίσσεσθαι
233 719 369 766 restitutum
390 737 431 782 pru
456 722 611 778 πτήσσεσθαι.
642 721 733 782 sigism,
750 721 797 768 dici
808 721 957 784 oportuisset,
975 723 1015 768 sed
1030 722 1193 784 piarentur:-

54 783 182 834 Beuscx.
200 787 281 833 ἐτεσιι.
291 785 341 832 Ms.
351 785 417 832 Trin.
428 785 513 834 Dosa.
643 785 746 834 τυλίδιον
764 783 790 834 ἓν
805 793 855 832 tum
871 784 953 834 vereda
970 801 1053 848 causa,
1075 785 1193 849 siquidem

92 853 152 898 416.
167 848 306 908 ἡβάλανοι.
322 847 427 912 Hesych.
437 858 502 898 recte
513 849 557 900 riu
566 853 611 906 βα·
644 848 816 900 δακτυλίδιονα
830 846 946 899 δάκτυλος
962 849 1093 898 derivatum
1108 863 1194 898 neces·

55 910 148 962 λοίνουι
158 914 254 978 exponit
269 913 301 962 τὰ
316 914 457 976 ἐξηρτημένα
474 918 522 963 τῶν
537 915 612 976 δρμαιν
643 915 703 962 sario
713 913 817 962 mediam
827 914 930 977 corripit,
941 913 1078 976 quodvidit
1088 913 1195 962 Brunck.

56 976 114 1040 περί
137 977 180 1026 τὸν
198 977 329 1042 τράχηλον.
363 978 411 1026 Sed
431 979 487 1042 quia
507 981 617 1041 βιίλανοιῪ
643 984 694 1025 tum
715 979 789 1040 magis
807 979 880 1026 etiam
904 987 1037 1040 propterea,
1062 979 1125 1042 quod
1146 993 1195 1026 non

56 1043 136 1089 etiam
154 1057 198 1106 pro
216 1051 282 1106 perte
303 1041 405 1092 obscene
425 1045 539 1108 accipitur
558 1045 611 1108 ple·
644 1057 704 1090 unus
725 1043 816 1090 scilicet
833 1042 888 1104 pedi
905 1043 993 1104 digitus
1014 1051 1060 1106 est,
1077 1051 1102 1090 et
1122 1057 1195 1090 unum

57 1121 170 1170 rumque,
181 1107 386 1156 videturcomious
405 1123 434 1156 eo
451 1109 554 1156 alludere
569 1124 610 1156 vo·
645 1107 806 1155 tantummodo
826 1107 895 1154 unius
915 1105 982 1170 pedis
999 1121 1105 1170 pressum
1124 1108 1194 1154 homo

57 1171 136 1218 luisse
161 1178 187 1218 et
211 1172 236 1219 in
255 1187 313 1219 voce
332 1171 612 1234 rptpurcr'intellexisse
644 1169 775 1234 significat:
793 1186 847 1218 uam
858 1171 923 1234 quud
934 1171 1008 1234 Vesp.
1017 1165 1075 1220 977.
1086 1170 1194 1218 similiter

56 1234 127 1281 illum
138 1235 274 1284 Sotadicam
284 1237 420 1298 rpupmrlr,
437 1237 469 1287 eis
482 1237 512 1296 ην
521 1237 549 1286 τὸ
559 1237 617 1286 κέν-ι
644 1235 721 1284 dicere
741 1237 834 1284 videtur
849 1235 892 1284 τδν
909 1233 1035 1291 δάκτυλον,
1057 1233 1194 1296 ambiguum

57 1316 118 1360 τραν
128 1299 229 1349 ὠθεῖται.
263 1301 425 1357 Quodautem
435 1303 612 1365 aitpostearbr
639 1303 742 1363 'captans
760 1301 784 1347 id
811 1300 869 1347 fecit
884 1300 910 1347 in
934 1301 992 1348 viro.
1024 1299 1057 1347 V.
1078 1301 1194 1362 glossator

57 1362 169 1418 βάλανον
178 1365 307 1430 εὐάρμοσον
324 1367 364 1413 τοί
381 1367 460 1429 potius
479 1367 572 1436 diripite
586 1365 612 1414 εὖ
643 1364 749 1412 Brunck.
760 1363 865 1412 adNu‘o.
881 1368 939 1414 654.
956 1365 1050 1412 Home.

58 1427 175 1489 ἅρμοσον,
185 1433 245 1492 quir.
257 1445 343 1494 negare
353 1432 415 1478 ausit
425 1433 469 1478 buc
478 1431 611 1493 respexisse
648 1435 649 1438 ’
676 1434 733 1478 417.
744 1429 898 1478 δακτυλίδιον.
910 1429 1109 1491 Diminutivorum
1117 1428 1143 1474 in
1152 1431 1195 1477 ιδι-

3 1527 4 1534 .
57 1494 178 1541 comicum
195 1495 315 1558 Latinum,
328 1511 402 1557 quum
417 1495 612 1546 dixitMenaech-
645 1509 671 1540 αν
686 1494 838 1556 penultimam
857 1494 904 1540 alia
923 1493 1059 1556 corripiunt,
1075 1493 1194 1554 ulia¹pro·

56 1558 113 1612 mis,
133 1558 298 1621 ‘jubeantque
316 1573 403 1606 novum
413 1561 518 1624 spinther
528 1575 612 1607 recon·
645 1557 742 1606 ducunt.
782 1557 934 1604 Diversitetis
961 1572 1053 1605 causam
1081 1555 1195 1618 patefacit

3 1657 4 1660 η
56 1621 195 1670 cinnarier.'
206 1623 324 1672 δ’ταῦτα.
338 1623 380 1670 Est
390 1625 541 1686 ambiguum
557 1639 612 1672 narn
645 1620 824 1670 Dawes.Misc.
842 1620 900 1668 crit.
917 1637 942 1684 p.
956 1625 1014 1670 214.
1039 1619 1093 1668 *Sed
1113 1635 1195 1668 versor

57 1687 610 1751 accipituretiemproobsceuacorporisparte.
644 1692 671 1730 ut
691 1685 742 1747 ejus
762 1685 822 1732 ratio
840 1685 881 1732 bic
901 1685 980 1732 locum
997 1685 1086 1732 hebere
1112 1685 1196 1746 possit.

57 1749 98 1798 Sic
111 1751 173 1799 ludit
185 1750 211 1799 in
222 1751 375 1812 ambiguitate
385 1753 452 1799 vocis
466 1752 538 1814 hujus
555 1751 611 1800 Ma·
644 1747 707 1796 Nam
733 1747 879 1797 δακτυλίδιον
900 1749 1022 1810 digitulos
1043 1763 1058 1795 ιι
1079 1747 1195 1799 δάκτυλος

59 1816 123 1862 chon
133 1815 200 1878 apud
216 1815 306 1862 Athen.
318 1833 342 1876 p.
352 1819 407 1864 577.
424 1816 466 1862 ubi
486 1815 546 1862 dicit
560 1815 611 1862 De·
644 1812 704 1868 fluit,
732 1821 760 1860 ut
786 1811 919 1874 ὰδιλφίδιαν
944 1813 973 1860 ab
995 1813 1105 1874 ἀδελφός.
1137 1813 1194 1861 Nou

58 1880 350 1943 metriumregemLamiae
359 1874 474 1926 meretrici
483 1880 559 1927 omnis
571 1895 611 1942 ge·
644 1877 707 1923 enim
720 1875 1194 1940 deriveturs-dmrrdlrosuanulumsigni-
1268 1915 1272 1924 .

57 1945 122 1991 neris
134 1954 255 2007 unguente
264 1945 361 1992 dedisse
371 1943 512 1998 olfacienda,
526 1959 611 2006 quum·
645 1941 738 1988 ficante.
769 1941 820 1989 Aut
836 1940 962 1998 dicendum
974 1935 1120 1992 δακτυλίδιον
1129 1943 1196 1989 deri·

3 2005 6 2060 ’,
58 2023 106 2069 que
121 2010 202 2056 omnia
217 2008 344 2056 fastidisset
362 2007 453 2070 Lamia,
470 2023 523 2056 eum
541 2023 611 2056 manu
644 2013 749 2054 vetuma
762 2005 893 2062 δακτύλιοι,
907 2013 955 2054 tam
971 2007 1108 2070 digitillum,
1123 2021 1195 2070 quam

3 2067 5 2076 ’
57 2073 104 2120 sibi
115 2073 224 2122 fricuiese
235 2073 322 2121 veretri
338 2073 457 2136 glandem,
467 2087 566 2135 eamque
578 2073 611 2120 sic
644 2073 756 2119 annulum
767 2071 905 2134 significare.
922 2070 969 2118 Sed
979 2077 1034 2118 sunt
1043 2071 1104 2134 haec,
1113 2075 1120 2098 ‘
1129 2072 1195 2133 quod

3 2135 5 2188 j
56 2137 149 2185 Lamia·
164 2139 257 2184 nuribus
267 2136 405 2201 admovisse,
416 2137 547 2184 dicentem:
566 2136 612 2185 turb
645 2133 695 2182 dici
704 2136 773 2192 solet,
787 2149 860 2198 gerrae
872 2149 997 2196 germanie,
1019 2141 1089 2197 atque
1106 2135 1197 2196 edepol

3 2199 5 2206 '
56 2201 168 2257 βαλάνου
188 2203 252 2251 rod?
278 2201 338 2257 ἔστι,
364 2199 447 2262 Λαμία,
476 2205 611 2260 βασιλικῆς.
644 2201 712 2261 λῆροι
722 2199 814 2262 tipus!
832 2201 927 2248 Certum
938 2210 974 2246 est
983 2199 1195 2262 antepenultimam

57 2267 105 2314 Est
115 2268 182 2314 enim
192 2276 219 2314 et
228 2265 310 2328 νιίρδοα
319 2265 450 2322 βασίλειος,
470 2281 522 2330 quae
539 2267 566 2313 fit
582 2283 610 2314 er
644 2264 670 2310 in
680 2265 827 2313 internaliter
843 2265 882 2311 hic
893 2263 999 2327 produci,
1010 2271 1035 2310 et
1048 2279 1147 2326 paruum
1156 2265 1194 2312 di-

3 2381 5 2388 ,
58 2331 225 2394 myrobalano.
235 2332 321 2378 Bere.
331 2332 358 2380 lu
365 2333 408 2379 τοῦ
417 2329 540 2393 τρήματος.
553 2331 612 2378 Per·
642 2329 722 2388 girum
730 2331 774 2376 hoc
785 2327 1196 2390 diminutivo-significari.Baurcr.

3 2447 5 2454 ,
55 2411 140 2458 peram
151 2396 227 2458 Regii
243 2397 280 2460 [et
290 2397 339 2442 Me.
351 2395 419 2444 Voss.
430 2410 469 2458 ap.
480 2397 564 2460 Bene]
586 2396 613 2444 dr
645 2391 717 2454 πιέζει
727 2393 756 2441 rb
768 2391 847 2454 ζυγόν.
874 2393 1108 2456 ExplanatHesych.
1122 2407 1195 2455 quum

55 2460 535 2586 iliritittititdtil'ti‘itii
546 2461 612 2572 lii
644 2456 1030 2572 iitt‘l'iiitttiiitl
1045 2455 1194 2570 ilidii·

55 2589 142 2638 disse?
161 2544 208 2638 s'ed
217 2591 326 2652 ineptum
336 2543 462 2638 herviso?
476 2590 554 2638 Nemo
565 2605 612 2636 run
644 2575 754 2648 πλαγίοις
764 2586 896 2638 δακτύλοις.
924 2557 1067 2648 dequum
1077 2587 1111 2634 sit
1127 2556 1196 2636 ltro:

54 2653 127 2702 videt
149 2669 196 2717 quo
215 2654 314 2702 adludat
334 2655 446 2702 comicus.
486 2655 516 2701 In
538 2655 613 2702 Conc.
644 2651 718 2714 ρίσαι,
730 2652 837 2714 intellige
849 2651 968 2712 ἐξανύσαι.
985 2651 1030 2700 Fr..
1042 2649 1110 2698 Cse.
1143 2651 1196 2698 Du·

54 2723 117 2768 623.
132 2718 333 2781 προβεβούλευται
343 2719 390 2782 γὰρ
402 2719 463 2768 ὅπως
479 2718 508 2768 δν
517 2720 612 2779 μηδεμι-
645 2718 700 2780 pler
708 2716 830 2764 mendum.
861 2717 942 2764 Primo
964 2718 1007 2773 τῆι
1022 2731 1068 2776 μου
1086 2714 1196 2774 'rurestris

3 2841 6 2848 ‚
55 2781 114 2847 6ςῇ
128 2783 239 2846 τρύπημα
254 2782 329 2832 κενόν.
344 2785 462 2834 Bauscr.
487 2783 613 2847 τρίμματος
645 2790 682 2829 est
703 2783 855 2830 solecismus.
888 2780 992 2834 Deinde,
1014 2793 1074 2842 pace
1089 2779 1195 2829 Brunck.

3 2859 6 2866 '
56 2850 112 2896 Me.
121 2849 188 2896 Tris.
205 2849 288 2896 Dona.
645 2846 945 2902 dinumerarentur
959 2844 1038 2892 media
1054 2845 1125 2906 longa
1141 2843 1213 2906 pro-'

90 2917 152 2962 412.
169 2911 233 2977 τόση
248 2911 332 2978 τέχνη.
359 2911 613 2975 stromat-rtrum.
644 2911 700 2966 fers,
718 2913 830 2960 αηηιιίιικι
838 2917 914 2965 sonat,
931 2909 953 2957 si
962 2909 1028 2958 brevi
1038 2911 1196 2965 δακτυλδδιον,
1273 2935 1281 2952 ·

3 2993 6 2996 ·
54 2977 130 3040 Saepe
148 2979 258 3026 occurrit.
273 2978 358 3036 Broc.
384 2978 414 3026 δν
429 2995 472 3040 σχ.
489 2979 613 3024 Ms.Trin.
646 2976 782 3036 digitalem.
815 2976 880 3038 Lege
898 2973 1040 3036 ignum-rb
1049 2973 1197 3024 δακτυλίδιον

3 3045 5 3104 f
55 3042 150 3090 Doss-
175 3041 214 3092 cri.
235 3044 263 3092 od
283 3041 487 3100 Suid.Ms.rd‹rn
497 3060 521 3089 r.
543 3043 612 3092 Pers.
645 3039 823 3088 rodrodbs‘l'od
837 3042 880 3098 τῆς
890 3039 999 3098 γυναικός
1015 3057 1101 3099 μονα.
1117 3037 1197 3088 Pons.
1241 3051 1243 3058 ⁴

3 3121 5 3128 ’
57 3113 86 3154 et
97 3108 140 3154 ed.
151 3107 221 3155 Med.
232 3107 319 3155 Dora.
646 3105 710 3166 apud
728 3105 803 3152 Kidd.
823 3105 852 3150 ed
868 3102 1082 3151 Damastes-011.
1103 3118 1129 3166 p.
1140 3107 1198 3153 384.

3 3167 5 3194 ³
93 3175 153 3220 41³.
171 3169 197 3220 ed
216 3171 326 3235 ἅρμοσον.
366 3169 431 3219 citat
451 3171 514 3218 bunc
534 3172 614 3219 locum
646 3167 723 3230 πιέζοι
732 3165 869 3231 Μαζυγός.
887 3167 965 3214 Porus.
981 3167 1028 3214 Ed.
1045 3165 1113 3214 Med.
1123 3165 1198 3228 πιέζει

3 3251 6 3260 ’
55 3236 130 3282 Suid.
148 3235 243 3301 τ.τιίση
259 3236 342 3299 τέχνη,
358 3235 400 3297 qui
417 3249 458 3297 pro
476 3233 503 3282 εὖ
514 3233 615 3298 ἅρμοσον
646 3231 688 3281 τδν
698 3232 719 3293 ζ.
737 3233 821 3280 Dour.

56 3301 153 3348 rectius
174 3303 245 3349 hebet
262 3301 397 3363 ἐνάρμοσον.
436 3297 518 3346 Kusr.
544 3300 614 3348 Frob.
678 3301 736 3346 422.
753 3296 889 3360 δτωικατῇ

3 3385 5 3388 ·
57 3365 263 3448 εὐάρμοσον.Μι.
280 3363 517 3428 etidpporovetsuid.
533 3363 614 3412 inrrd·
647 3376 745 3436 necesse
758 3370 802 3416 est,
813 3362 876 3436 quod
888 3374 951 3434 sepe
963 3359 1036 3406 nimis
1051 3359 1146 3436 accidit,
1157 3365 1199 3406 aut

57 3425 615 3558 eremitisstetisse?
647 3423 1198 3563 litteratis·..imisit

57 3559 124 3606 roris
142 3573 222 3622 causa,
238 3559 270 3606 ob
287 3574 356 3623 quam
376 3573 448 3618 supra
465 3557 614 3606 observatum
638 3556 747 3603 'cessaria
767 3554 943 3616 suppeditabat,
964 3553 1113 3616 τριηραρχεῖν
1132 3553 1198 3600 dice-

59 3627 122 3672 398.
139 3623 247 3672 διταντῶν
256 3638 300 3686 pro
311 3623 350 3672 ἀπ’
362 3622 448 3678 αὐτῶν,
465 3621 549 3684 quie'r
561 3630 586 3670 et
601 3641 616 3671 υ
647 3621 723 3675 batur,
738 3619 828 3666 victum
846 3627 925 3666 sutem
948 3617 1076 3679 remigibus
1097 3617 1199 3666 sufficie⁴

57 3687 177 3735 facillime
194 3697 364 3752 permutantur.
380 3688 501 3735 Bauncr.
526 3685 616 3744 ἐκείνην
648 3685 707 3732 bant
717 3681 844 3731 trierarchi.
855 3681 901 3728 Fr..
912 3681 981 3730 Cure.
1005 3682 1101 3743 Nempe
1112 3683 1200 3735 classes

58 3753 115 3799 Ms.
131 3753 197 3799 Trin.
214 3751 301 3800 Duas.
319 3751 447 3816 ἐνάρμησον
457 3750 534 3798 edidit
543 3753 616 3799 Kust.
649 3757 674 3796 et
683 3749 788 3796 triremes
799 3756 867 3794 erant
875 3745 1021 3794 instruendae
1031 3749 1060 3794 ad
1072 3747 1161 3794 bellum
1169 3747 1199 3796 ds

58 3817 172 3864 ern-Suid.
185 3833 206 3866 v.
218 3816 377 3880 τιίσητέχνη.
395 3816 474 3864 Poss.
649 3813 752 3876 pecunia
770 3813 813 3858 illa
828 3811 931 3874 publice,
952 3826 1005 3873 quae
1021 3819 1071 3858 erat
1087 3809 1113 3856 in
1130 3825 1201 3870 arceg

95 3885 154 3930 416.
169 3880 313 3931 salselles.
349 3883 414 3943 Lege
424 3896 478 3928 cum
488 3879 614 3926 Ms.-utro·
650 3875 862 3924 sedemnlieribus
872 3875 990 3938 provisum
1006 3883 1097 3930 estne
1111 3873 1137 3920 id
1147 3875 1209 3922 fieri‘

7 3977 10 3995 .
58 3947 163 4008 quereri
172 3945 250 3995 ποδός.
275 3943 617 3995 Constructiuenimlocihu-
649 3942 740 4004 possit3
757 3956 810 3988 num
827 3955 902 3988 urcem
913 3948 1065 4001 occuparunt.
1098 3937 1130 3984 V.
1141 3942 1199 3988 499.

54 4012 101 4073 jus
118 4011 154 4058 ita
170 4011 294 4059 sehabet:
311 4011 341 4059 rb
352 4008 423 4070 ζυηδν
434 4006 507 4068 τιίζει
522 4007 551 4056 rb
561 4011 616 4057 δακ-
650 4008 730 4070 surgis
756 4005 835 4052 Attice
860 4019 903 4066 pro
923 4006 1015 4052 κωτεῐι.
1031 4003 1125 4050 Beue.
1166 4003 1199 4051 V·

57 4076 169 4124 τυλίδιαν
188 4077 232 4124 τοῦ
246 4073 317 4124 τοδδς
335 4077 379 4132 τῆς
397 4073 506 4136 γυναικός
523 4090 575 4134 μου·
591 4073 616 4120 id
649 4071 733 4119 Elmsl.
744 4071 775 4116 ad
785 4069 890 4118 Acheru.
900 4084 925 4130 p.
935 4073 988 4116 151.
1005 4067 1087 4115 Dran.

58 4147 109 4202 est,
121 4141 198 4189 lorum
210 4139 271 4203 (sive
282 4138 399 4202 corrigio)
414 4139 517 4188 sandalii
531 4138 618 4200 pressit
681 4140 739 4184 dne.
755 4134 874 4182 Timocles
885 4131 990 4180 comicus
1000 4131 1063 4193 ap'ud
1074 4129 1163 4176 Athen.
1174 4146 1199 4192 p.

57 4203 169 4265 digitum
197 4202 319 4254 minimum
348 4205 416 4267 pedis
444 4203 527 4253 uxoris
551 4217 616 4252 αισα.
649 4195 1200 4260 &tristibusdrenarrdpnr.Bsae.-nber·

59 4269 148 4317 Kusr.
165 4267 228 4316 Alie
239 4269 295 4316 edd.
303 4269 359 4318 ruis
368 4268 535 4324 altemirus
544 4273 618 4314 recte.
648 4265 747 4324 μαιΜι.
757 4263 822 4310 Triu.
840 4261 925 4309 Dore.

58 4334 152 4382 Burro.
193 4333 334 4396 Legendum
354 4333 479 4380 sententies
498 4341 523 4380 et
549 4331 618 4378 metri
680 4335 738 4378 424.
755 4325 876 4390 οὐδὲνγὰρ
887 4325 956 4390 ἔργον
966 4323 1071 4374 ἑστάναι.
1096 4323 1129 4372 V.
1138 4321 1201 4371 ΛΠ·

59 4399 155 4460 gratier
176 4395 211 4446 'o
224 4397 369 4458 σκυτοτόμε,
385 4399 429 4455 τῆς
443 4413 489 4456 μου
508 4395 618 4456 ’γυναικὸς
651 4399 723 4444 13⁰8.
737 4393 823 4454 Beue.

57 4464 106 4510 τσῦ
116 4461 187 4510 ποδὸς
201 4464 205 4526 Ι
218 4463 250 4511 'rb
261 4461 410 4513 δακτυλίδιον
421 4459 446 4510 ἓν
456 4458 512 4526 redi*
510 4479 529 4508 ει
538 4459 567 4508 τὸ
578 4457 593 4520 ζ
607 4487 617 4500 ·
681 4463 738 4508 426.
753 4459 795 4506 τοῖ
803 4455 914 4520 κέχηνας.
946 4453 994 4504 Hic
1006 4468 1086 4502 versus
1096 4453 1201 4500 trimeter

54 4525 342 4594 ηὼν,1“Αθ’διταλδνδν.
373 4527 420 4577 Τοῦ
430 4525 506 4584 rotis,
516 4531 543 4574 ut
552 4533 616 4574 recte
652 4532 689 4574 est
699 4523 830 4576 trochaicus
840 4519 1001 4573 catalecticus.
1030 4517 1206 4570 Temeneiroi

890 3293 1015 3344 ςισο...
1035 3272 1197 3344 Λοιαικωο
1279 3331 1281 3343 .
