2904 4908
68 394 103 452 v.
124 391 326 468 riri-1190]v
496 388 781 454 ΛΥΣΙΣΤΡΑΤΗ.
1159 401 1220 456 ιιι

64 551 121 598 anni
137 551 198 614 xix„
216 566 270 615 que
287 551 414 600 subsecuto
431 557 468 600 est
485 552 578 600 cladem
595 551 621 600 iu
653 551 687 599 τύ
707 551 759 600 otei.
793 549 904 599 Proiecto
926 551 1004 600 malus
1023 551 1065 600 ille
1091 551 1139 599 iuit
1159 565 1212 600 rer-

65 616 145 663 Sicilia
162 623 293 679 acceptam,
314 623 343 663 ut
362 617 428 664 idem
443 617 554 680 Tbrrcyd.
569 615 622 662 libr.
654 627 724 662 suum
745 613 838 663 artifex.
872 615 984 663 Proclive
1004 625 1055 664 erat
1072 615 1210 673 emendare,

65 680 114 726 viii.
146 681 180 726 Et
189 681 220 726 de
232 679 367 728 thiuunte
380 681 475 744 quidem
483 681 545 728 nihil
553 680 621 727 Thu·
654 679 702 740 ἐγὼ
721 677 751 728 ’δὲ
773 681 932 742 κοπραγωγεῖν
950 697 983 740 γα
999 683 1081 745 πρῶτα
1102 679 1138 729 roi
1159 683 1211 732 σιιύ.

64 747 121 808 cycl.
137 744 279 792 nominatim
290 761 296 802 ;
314 751 393 792 tumen
411 745 441 793 ad
451 746 516 793 idem
527 753 622 808 tempus
652 759 687 803 γει
698 743 788 791 Dorica
797 744 916 808 particula
926 759 969 806 pro
979 761 1018 804 γε.
1040 746 1078 794 roi
1096 747 1139 794 σιὼ
1157 747 1211 796 sine

64 809 145 856 referri
171 807 243 856 dehet
270 808 411 856 Echinumis
439 807 574 872 occupatio,
597 817 622 856 et
653 807 755 856 articulo
771 809 796 855 in
814 810 858 855 lrao
877 808 958 856 fabula
975 812 1069 858 areo.
1088 810 1212 858 Brunca.

63 873 167 936 intelligi
183 873 257 921 fuisse
273 873 376 922 fructum
392 874 442 938 ejus
453 873 621 938 expeditionis,
652 875 740 934 πρῶτοι.
781 873 861 920 Scribe
889 887 903 919 e
935 873 1039 922 dialecto
1064 875 1150 936 τρῖιτιι,
1183 883 1211 922 ut

64 953 134 1001 quarn
143 937 170 984 in
181 937 270 985 OEtaeos
287 945 311 985 et
328 938 456 1000 Meliensis
472 939 539 986 sinus
553 938 620 985 habi·
653 935 760 984 Aclrsrn.
772 941 829 985 trs.
841 937 880 983 lo.
903 937 998 985 Censeo
1015 938 1139 1002 scripsisse
1152 938 1209 986 Ari-

63 1009 152 1050 tatores
163 1001 253 1049 fecerat
263 1000 341 1064 Agis3
357 1012 421 1050 etex
432 1003 479 1050 hoc
490 1003 544 1050 loco
556 1015 620 1049 com·
652 1002 733 1063 stoph.
744 1001 792 1060 ἐγὼ
810 999 836 1048 δὲ
851 1003 1009 1062 corpoporis
1026 1018 1061 1062 γα
1074 1005 1109 1051 λῶ
1128 1001 1165 1052 rui
1175 1005 1208 1053 rio

63 1067 214 1128 plementurn
229 1066 281 1113 fieri
294 1075 377 1129 potest
394 1065 499 1114 lristoriae
508 1066 621 1129 Thucyd.
652 1065 704 1113 σιύ.
737 1064 842 1112 Mirifice
860 1065 886 1110 in
902 1065 938 1111 his
951 1065 1210 1128 descriptsSpartiets-

65 1131 148 1192 quide
160 1130 391 1178 Echiuuntetocuit.
425 1131 507 1179 Unum
522 1139 620 1178 metor·
652 1143 704 1175 rum
727 1138 763 1176 est
782 1130 807 1174 in
827 1128 890 1191 agris
912 1130 1019 1176 colendis
1039 1131 1126 1192 opella.
1159 1131 1209 1179 Sed

64 1195 153 1243 sithoc
165 1196 227 1256 loco,
238 1193 302 1258 quod
313 1195 402 1242 nullom
420 1195 565 1243 mentionem
586 1195 621 1242 ia·
652 1193 763 1240 nonnulli
780 1193 888 1240 videntur
899 1193 1001 1241 Laconis
1013 1195 1153 1242 sententiani
1164 1211 1209 1258 pe·

64 1260 113 1306 cist
130 1263 161 1308 de
178 1259 288 1314 Decetia,
302 1274 356 1321 quas
369 1259 423 1306 illos
433 1259 467 1307 ita
477 1259 539 1306 male
552 1273 620 1306 vera·
651 1272 705 1304 rum
715 1257 877 1320 perspexisse.
904 1258 971 1305 Male
983 1258 1088 1306 Brunclr.
1109 1259 1209 1322 Bergle·

64 1325 113 1372 bet.
146 1323 195 1370 Sed
211 1338 264 1370 euru
284 1324 419 1386 scrupulum
437 1323 553 1385 posterior
563 1337 621 1370 exe·
651 1335 705 1368 nim
725 1329 848 1384 sequutus,
868 1335 942 1384 quum
963 1321 1040 1370 Attici
1059 1324 1137 1379 verbs,
1160 1323 1208 1383 ἐγὼ

65 1388 109 1435 mit
120 1387 241 1450 cogitatio.
275 1387 338 1434 Nam
356 1402 386 1435 ea
401 1389 551 1450 potissimum
570 1388 622 1436 locs
652 1387 768 1448 γειψγεΐν
781 1385 871 1446 γυμνὸς
886 1384 971 1434 ἀποδὺς
989 1385 1116 1451 βούλομαι,
1134 1397 1210 1436 trans·

63 1450 356 1516 repetuntAtheuienses,
367 1467 420 1514 quae
432 1460 500 1500 eraut
509 1452 541 1498 ad
552 1453 622 1499 maris
653 1451 755 1506 tulisset,
774 1451 834 1512 jum·
848 1457 922 1500 exuta
941 1456 1005 1500 ceste
1032 1454 1110 1500 nudus
1140 1465 1210 1503 crore

61 1516 193 1579 imperium
203 1522 345 1578 opportuna,
357 1516 446 1578 quippe
463 1517 489 1563 id
506 1517 622 1564 affectes·
652 1515 713 1570 auio,
734 1515 912 1562 Lacedaemonii
937 1516 979 1562 illa
1003 1514 1037 1562 sic
1063 1515 1154 1563 vertit:
1182 1521 1208 1566 at

64 1589 119 1628 tes:
139 1581 241 1628 Decelia
250 1595 307 1627 vero
317 1595 377 1642 pace
388 1580 453 1628 fecta
463 1596 556 1643 prorsus
566 1581 621 1629 inu·
649 1581 690 1642 pol
705 1593 749 1639 ego
766 1585 857 1630 stercus
872 1581 999 1641 conuehere
1015 1595 1085 1644 quum
1095 1580 1209 1644 ριίιιιιιοι.

62 1646 114 1692 tilis
125 1643 422 1703 tuisseiLsesdemoniis;
438 1646 560 1693 eratenim
568 1661 621 1693 mu·
653 1642 734 1699 Quid?
746 1659 802 1705 ergo
811 1643 1007 1690 Lecedoemonios
1016 1644 1090 1700 cives,
1107 1645 1208 1705 quicul·

61 1709 197 1756 nimentum
207 1717 308 1766 tantum,
319 1723 368 1755 uon
383 1709 477 1764 civitas,
488 1708 561 1772 idque
571 1725 622 1757 me·
652 1709 743 1754 tionem
753 1722 862 1770 agrorum
876 1707 1000 1770 indignam
1021 1706 1095 1754 libero
1113 1709 1209 1757 bomine

61 1774 234 1821 diterraneunr.
274 1774 387 1822 Ceterum
408 1772 556 1821 doctissimus
578 1775 621 1822 Bi·
653 1772 770 1819 haberent
779 1781 851 1834 atque
869 1771 941 1818 serris
958 1771 1139 1828 committerent,
1151 1789 1209 1820 con·

62 1839 149 1885 setin
166 1839 211 1885 hoc
229 1839 290 1895 loco,
308 1846 376 1900 puto,
394 1837 476 1900 lapsus
497 1846 542 1894 est,
564 1837 623 1886 dum
653 1837 739 1883 vehere
762 1843 853 1883 stercus
869 1837 940 1898 velle,
957 1835 1209 1899 negotiumlongeri-

63 1903 128 1950 hene
149 1901 319 1963 Faehinuutem,
337 1901 367 1949 de
386 1916 433 1964 qua
450 1902 557 1950 comicus
577 1904 621 1951 hoc
653 1900 768 1948 tissimum
777 1900 899 1948 omniurn?
917 1900 993 1946 Immo
1002 1900 1125 1962 aptissime
1137 1903 1207 1964 Spar·

62 1967 129 2020 leco.
148 1973 218 2029 putat
242 1965 316 2013 fuisse
337 1965 363 2012 in
383 1965 527 2014 Acarnania.
567 1965 623 2014 Fuit
652 1963 723 2012 tiates
734 1964 816 2012 Attico
830 1979 906 2012 serere
923 1964 972 2028 jam
994 1971 1066 2026 stque
1084 1979 1150 2013 arare
1167 1981 1209 2014 cu-

62 2031 166 2094 quidem
176 2029 227 2094 ejus
237 2030 342 2078 nominis
357 2030 423 2077 locus
439 2031 464 2078 in
476 2029 621 2088 Acarnania,
653 2027 729 2090 pienti
749 2045 775 2076 se
793 2029 924 2090 respondet
934 2033 996 2078 certe
1006 2034 1137 2078 stercorare
1148 2029 1209 2077 velle

61 2095 96 2142 de
108 2110 157 2158 quo
167 2095 261 2142 Plinius
272 2103 298 2142 et
308 2095 461 2157 Stephanus;
478 2095 521 2144 sed
532 2094 563 2142 de
580 2097 622 2142 illo
653 2107 729 2155 agros.
762 2093 857 2140 Scilicet
884 2108 933 2139 non
953 2092 1065 2156 plaustris
1087 2094 1211 2156 cophinis-

61 2158 120 2208 loco
137 2170 221 2222 parurn
233 2159 320 2206 celebri
331 2173 379 2205 non
388 2159 468 2222 agitur
479 2160 527 2215 hic,
538 2160 579 2207 sed
591 2159 622 2208 de
653 2172 700 2219 que
712 2165 813 2204 stercore
826 2159 987 2212 convehendo,
1006 2157 1049 2204 sed
1060 2159 1211 2222 κοπρογιογρῖ

61 2225 123 2271 urbe
136 2225 183 2270 situ
193 2223 224 2270 ad
235 2223 376 2271 Melienrern
389 2223 475 2279 sinum,
490 2231 622 2288 opportuna
652 2221 761 2286 γαστέρι,
774 2231 799 2267 ut
810 2221 900 2268 ventris
916 2237 975 2269 onus
993 2235 1066 2284 egens
1078 2223 1122 2268 sub
1134 2222 1173 2269 dio
1183 2223 1209 2269 in

62 2287 96 2334 ad
109 2288 260 2335 totumillud
277 2288 346 2335 littus
362 2287 522 2336 retinendum.
549 2288 623 2350 Pejus
653 2286 716 2348 agris
738 2289 876 2348 deponeret.
919 2286 1021 2333 Tantum
1048 2294 1085 2332 est
1112 2286 1209 2342 laboris,

60 2362 146 2400 tamen
162 2358 225 2400 erret
239 2351 265 2398 in
276 2351 442 2414 explicatione
453 2353 518 2401 vocis
530 2353 622 2416 Μηλιᾶ,
653 2351 717 2413 quod
729 2351 852 2413 profitetur
862 2349 891 2395 ed
905 2365 974 2412 egros
984 2350 1098 2397 colendos
1114 2365 1140 2398 se
1160 2350 1210 2398 coi·

60 2417 108 2464 ubi
119 2418 153 2464 sic
165 2422 353 2464 commentatur:
379 2418 472 2479 idirltor,
490 2419 562 2475 νῆσος
580 2416 623 2476 pic
653 2415 762 2462 letumm.
774 2413 1208 2478 Rrrsro.Syntsgur.Crit.p.1218.

61 2484 116 2528 τῶν
132 2479 269 2536 Κυκλάδων,
289 2481 412 2542 ύμύνυμον
433 2479 524 2543 ἔχοντα
544 2481 622 2530 πόλιν.
687 2483 759 2528 1178.
776 2477 916 2539 imitarier.
941 2479 987 2528 Ed.
1000 2479 1054 2527 Far.
1067 2476 1209 2540 ἐστύκαμεν,

60 2544 131 2594 Nam
149 2546 231 2603 Μηλιᾶ
246 2553 392 2593 contractum
411 2553 449 2592 est
467 2561 482 2593 ιι
502 2545 622 2604 nutrica
652 2543 718 2605 quod
730 2543 882 2601 iucrectius3
898 2544 1005 2605 loquitur
1021 2543 1086 2590 enirn
1106 2543 1210 2591 Atheni·

60 2620 133 2658 recto
148 2609 260 2668 Μηλιεὺς,
275 2625 324 2658 non
344 2624 359 2657 a
377 2611 470 2667 Μῆλος,
481 2626 534 2675 quie
545 2611 622 2658 insula
653 2609 724 2654 ensis.
737 2608 823 2654 Banu.
833 2605 972 2667 ἐστύκαμεν.
991 2607 1120 2669 Perperam
1136 2607 1210 2670 vulgo

60 2682 137 2722 antea
155 2689 170 2721 a
188 2674 260 2722 Nicia
276 2671 369 2722 sistite
389 2675 467 2722 fuerat
483 2683 509 2722 et
527 2687 577 2724 erar
595 2675 622 2722 in
653 2671 791 2734 ἔστύκομεε,
811 2679 921 2734 tanquam
942 2671 962 2718 si
979 2670 1116 2734 loqueretur
1134 2671 1209 2718 Laco.

60 2737 255 2786 Atheniensium
265 2745 392 2800 potestate.
425 2739 485 2786 Ideo
496 2740 527 2787 de
537 2755 566 2787 ea
577 2741 622 2787 iroc
652 2736 774 2783 Bnuucn.

60 2805 121 2850 loco
132 2819 180 2850 uon
191 2803 218 2848 fit
226 2803 328 2865 mentio,
337 2803 380 2850 sed
392 2804 422 2850 de
433 2803 546 2851 Melicnsi
558 2803 621 2866 sinu,
687 2804 759 2848 1181.
776 2797 865 2857 ἁμοῖσι.
897 2797 945 2845 Ριο
957 2795 1101 2860 ἡμετέροισι.
1113 2797 1200 2846 Brito.

61 2868 108 2930 qui
129 2876 155 2913 et
173 2881 187 2912 e
206 2866 349 2928 quibusdam
370 2866 501 2922 Μολιοκύε,
519 2869 549 2915 ab
567 2869 622 2914 aliis
689 2868 760 2913 1182.
777 2865 856 2912 ιιιιλιῖις
871 2859 979 2922 λέγεται.
1014 2862 1154 2924 legendum
1169 2859 1211 2910 λέ-

57 2933 141 2980 etiam
158 2929 275 2988 Λιιμιοιιδο
294 2938 393 2977 vocatus
414 2931 444 2976 ab
466 2933 522 2978 urbe
539 2931 622 2978 lamia
652 2944 722 2990 Ὑετε,
740 2936 767 2975 ut
785 2928 816 2974 sit
834 2939 877 2990 pes
897 2927 1040 2990 tribrachys,
1062 2927 1212 2989 aequiperans

59 2995 163 3053 vicina3
190 2994 232 3039 sed
254 2993 446 3040 Atheniensibus
466 3003 491 3040 et
509 2995 621 3058 Thucyd.
655 2993 769 3039 iambum.
803 2991 882 3046 Quum
894 3001 972 3039 autern
984 2991 1019 3038 ait
1035 2991 1061 3038 ir
1076 2993 1143 3040 reios
1160 2991 1212 3040 εύσ·

60 3073 163 3120 semper
173 3055 278 3113 Μηλιεὺς
288 3054 377 3104 κύλτιε
391 3059 469 3103 <lictus
487 3067 534 3122 est,
552 3074 622 3120 quem
655 3073 715 3111 τσιε,
734 3063 793 3117 puto
803 3055 943 3103 allusionem
954 3056 1007 3102 fieri
1017 3056 1047 3102 ad
1059 3053 1151 3104 κύστιν.
1166 3055 1186 3103 F
1188 3071 1213 3102 ι.

58 3123 176 3186 sequitur
186 3122 273 3184 ubique
284 3120 371 3184 Polyb.
383 3120 506 3168 Ptousa.
656 3118 726 3166 Cnn.

102 3191 175 3236 1171.
192 3183 375 3245 τύντοΥῶΛ.
409 3184 475 3231 Male
487 3183 558 3248 vulgo
570 3185 622 3233 sine
690 3187 762 3230 1187.
782 3181 839 3229 ἀλλ’
858 3181 930 3240 ἴοιμεν
949 3180 979 3228 ds
999 3178 1083 3240 τύχοι.
1128 3181 1213 3244 Eurip.

62 3251 168 3300 elisione
181 3267 213 3312 γε
232 3249 258 3298 ὦ.
270 3250 391 3296 linones.
414 3245 537 3297 λισσάνιε.
557 3249 623 3296 Soid.
657 3245 727 3293 bled.
740 3250 794 3294 105.
804 3247 841 3292 ire
851 3247 900 3298 νῦν,
912 3245 1003 3306 χειρεῖύ
1014 3244 1044 3293 ὡς
1054 3242 1129 3306 τύχοι
1146 3246 1211 3294 εἵσω.

58 3313 202 3379 μαινόμενε,
218 3323 245 3362 ut
256 3315 286 3360 sit
297 3329 311 3361 a
324 3311 413 3368 λύσσιι,
432 3313 518 3362 rabies.
538 3313 623 3362 Besso.
657 3309 727 3356 Alias
736 3309 766 3358 irs
776 3308 891 3371 τάχιστοι,
902 3316 930 3356 ut
939 3317 997 3354 mox
1013 3309 1077 3370 apud
1095 3310 1212 3356 comicum

61 3379 192 3430 λυσσύειι.
219 3377 455 3440 Scribendum[cum
465 3378 552 3441 Beria]
570 3387 623 3426 λισ-
657 3383 682 3421 et
693 3375 750 3423 ὅσον
759 3372 843 3432 τύχοι,
854 3371 918 3436 quod
927 3373 1030 3420 occurrit
1040 3380 1066 3419 et
1076 3372 1139 3433 apud
1156 3387 1212 3419 nos·

60 3443 144 3500 σάνιε,
161 3451 187 3492 et
203 3443 264 3491 verti
282 3443 373 3496 debuit,
391 3458 404 3490 o
421 3442 562 3491 ύιιύούιιὲσιε.
591 3443 622 3490 V.
657 3447 720 3486 trum
747 3438 772 3485 in
794 3439 891 3485 Thesm.
905 3440 962 3485 iet.
991 3437 1075 3500 Eurip.
1093 3436 1213 3484 Androm.

63 3509 304 3572 Hesycb.[etquern
324 3507 395 3553 Bent.
409 3505 485 3570 addit,
496 3507 622 3571 Photium]
658 3507 731 3552 1066.
743 3503 790 3564 οὐχ
801 3501 858 3551 ὅσον
869 3500 945 3564 τύχοι
960 3500 1095 3565 χωρήσεταύ
1111 3517 1148 3550 τις
1165 3505 1214 3548 noa

62 3576 93 3622 in
107 3575 150 3621 hac
162 3587 230 3620 voce.
240 3573 363 3620 eiusce.
657 3567 724 3625 drobi
732 3567 789 3630 πρὸς
800 3567 898 3626 ἑστίαις
916 3575 939 3613 et
948 3565 1005 3614 ύσον
1013 3564 1127 3628 τύχιστιι.
1144 3563 1213 3612 Rbe-

103 3641 151 3686 117
153 3642 177 3686 ’1.
194 3637 260 3699 Lege
271 3634 323 3698 περὶ
334 3637 385 3683 τοῖν
395 3633 501 3684 σκελοῖν.
513 3633 597 3682 Bssr.
658 3647 684 3678 so
694 3637 725 3680 67
727 3637 750 3680 2.
762 3633 818 3680 ἀλλ’
830 3630 887 3680 door
897 3628 995 3691 τάχιστ’
1012 3631 1085 3694 ἐχρῆν
1105 3627 1216 3693 φεύγειν.

103 3705 176 3750 nra.
191 3704 307 3762 γεωργεῖν
316 3698 413 3761 γυμνός.
435 3699 502 3764 Virg.
523 3699 624 3747 ‘Nudus
658 3696 808 3759 Quandoque
818 3695 934 3744 omittitur
945 3696 975 3744 ὧι
986 3696 1023 3742 vel
1035 3697 1099 3743 door.
1129 3694 1213 3741 Rheso

63 3764 380 3822 uaserenudua'Bsse.
657 3765 714 3810 uae.
737 3763 846 3824 χοιρεῖτι,
875 3759 1014 3821 συμμάχους
1035 3761 1054 3807 δ’
1075 3755 1215 3818 ύτλΐζεσθοι

103 3833 177 3878 lits.
193 3830 394 3894 κετρογοιγῇνγᾷ
405 3827 473 3892 [sic].
483 3828 530 3876 Pro
538 3843 624 3892 κοτρο-
658 3821 735 3887 τύχοι
761 3826 862 3886 ἄνωχθε.
897 3825 981 3872 AEscb.
1006 3822 1134 3871 Eumenid.
1155 3825 1213 3872 179.

61 3896 208 3955 meime-
235 3894 303 3942 Alius
313 3893 397 3941 vitiose
411 3894 518 3941 scribitur
536 3894 578 3956 γᾷ,
597 3900 629 3940 ut·
659 3889 710 3950 ἔξω,
728 3889 825 3946 κελεύω,
841 3891 915 3938 rolris
937 3887 1052 3948 δωμάτιον
1068 3885 1145 3948 τύχοι
1163 3901 1214 3948 χιι·

65 3958 107 4004 vel
128 3975 157 4005 ex
178 3965 253 4006 metro
273 3965 379 4022 apparet.
401 3957 451 4021 τρῷ
471 3966 551 4005 autem
573 3958 624 4005 sire
657 3958 728 4018 ρεῖτε.
755 3955 858 4002 occurrit
879 3960 905 4001 et
927 3951 985 4000 alibi
1010 3953 1073 4015 apud
1100 3951 1213 4000 eundern.

65 4021 211 4086 pnh'usrrpqi
229 4030 266 4070 est
287 4038 329 4084 pro
347 4020 414 4084 ιτριιύ.
448 4021 515 4070 Vidit
532 4024 582 4069 baec
599 4029 625 4069 et
657 4020 744 4066 Baro.

65 4087 147 4135 Bisst.
167 4087 255 4134 Brau-
283 4086 325 4134 Al.
345 4089 380 4146 γΐι
397 4088 456 4148 epp.
478 4086 561 4134 Bsnr.
594 4085 624 4133 In
691 4087 764 4132 1189.
780 4079 1123 4146 erp-1203.drrtorp.Bsur.

68 4151 134 4213 Aug.
151 4159 177 4198 et
191 4151 218 4198 in
233 4149 301 4199 Junt.
317 4151 351 4198 sio
368 4152 453 4214 legitur
470 4151 510 4197 hio
527 4165 623 4198 venus:
691 4152 841 4214 11891115.
865 4146 895 4194 V.
907 4161 978 4208 supra
990 4147 1062 4194 rota.
1074 4142 1157 4190 Dran.

65 4216 120 4274 ἐγὼ
130 4213 157 4263 δὲ
168 4217 328 4278 noemmin
337 4217 372 4278 γᾷ
381 4217 462 4277 πρῶτοι
472 4213 509 4264 rai
523 4215 557 4264 τὸ
573 4213 625 4262 τιό.
692 4217 765 4262 lieo.
782 4213 847 4274 Lege
856 4217 912 4260 XO.
931 4215 976 4259 Ν.
995 4210 1078 4257 Basr.
1102 4203 1214 4280 χρυσύον.

66 4279 189 4342 Haecque
212 4281 339 4328 lectionem
361 4281 466 4327 retinent
487 4286 546 4327 vett.
568 4279 625 4326 edd.
658 4276 839 4325 Sincsrumesse
848 4275 947 4322 arbitror
955 4272 1080 4336 χρυσίδων.
1095 4271 1215 4318 Bsuucr.

64 4357 163 4392 omnes.
196 4343 256 4399 Quae
283 4345 310 4392 in
332 4343 505 4392 recentioribus
525 4343 626 4407 obtinet,
659 4341 798 4405 legendum
817 4341 888 4388 metri
909 4352 979 4386 cause
1001 4337 1037 4386 δι’
1060 4334 1113 4384 ἐστί
1134 4352 1173 4394 μοι
1191 4333 1223 4381 ei·

62 4409 145 4456 sciolo
155 4409 238 4456 nescio
254 4409 303 4464 cui,
314 4407 420 4472 eyllubso
428 4409 572 4470 numeranti,
583 4408 625 4455 de·
659 4403 740 4468 φύρειν
749 4402 838 4454 amolo.
866 4404 984 4452 Articulos
992 4413 1116 4468 perperam
1128 4399 1216 4448 addere

65 4473 155 4534 beturt
171 4473 221 4532 ἐγὼ
238 4470 263 4520 δὲ
282 4474 439 4537 memmii
456 4474 491 4537 γᾷ
516 4475 569 4536 τρεῖ
589 4472 626 4530 roi
659 4471 736 4522 solent
745 4470 865 4521 monachi.
878 4469 911 4520 V.
923 4467 954 4517 ad
962 4473 1019 4519 ⁷82.
1031 4481 1099 4532 seqq.
1125 4464 1222 4512 versus

135 4553 217 4604 Arist.
231 4555 291 4603 Nor.
625 4552 661 4600 11.
1105 4549 1120 4596 3
1134 4545 1157 4594 Η
