2904 4908
200 416 260 480 eos
300 441 306 452 ·
488 415 616 478 ιιοτιε
637 413 680 476 ru
703 387 1035 476 iuramentum.
1127 409 1332 488 [vem-se.

202 593 256 643 qne
267 591 340 642 quum
349 583 436 626 tottam
446 575 588 640 significent,
597 575 697 626 indicuri
709 575 751 624 illo
784 571 842 620 licet
862 570 918 632 quia
942 569 1061 619 mriseims
1088 567 1193 616 comicus
1219 565 1333 630 particula

202 641 400 692 nomineridetur
414 642 547 706 aquaviva,
558 656 610 706 qum
628 641 655 688 fit
674 639 753 689 soluto
785 635 856 691 sess,
874 641 1018 692 etecusam
1038 633 1130 682 finalem
1150 641 1262 694 notente,
1276 632 1334 679 nude

203 707 307 770 tegmine
319 707 413 769 glaciei.
443 705 523 770 Atque
541 707 598 754 binc
613 705 754 768 intelligitur
786 699 1052 764 sicutitur,eiqueiere
1062 713 1154 760 semper
1172 696 1286 760 adjungit
1302 695 1336 744 lis.

204 773 337 834 etiam,qui
355 772 444 820 iactum
461 773 501 826 sit,
511 778 539 818 ut
554 771 674 832 Ἀχελῷος
690 769 754 834 apud
787 765 820 813 V.
832 768 887 814 182.
906 769 963 814 221.
981 770 1037 814 239.
1058 768 1115 813 267.
1135 765 1193 810 358.
1211 765 1270 810 419.
1285 765 1337 834 425.

205 835 303 884 Grecos
314 835 344 884 de
354 836 758 898 omnifluvierumetiontiumaqua
787 835 843 882 532.
854 846 884 877 ne
902 831 984 893 plures
1005 829 1106 902 excitem
1121 827 1194 874 locoa.
1235 825 1338 900 Alterius

205 900 254 948 dici
264 901 353 948 soleat:
371 901 438 965 cujus
455 901 490 946 rei
510 900 551 962 qui
568 899 755 958 honorationem
788 903 866 944 tamea
877 893 1058 942 constructionis
1066 891 1279 953 dauturexempla‚
1286 891 1338 938 beet

205 965 316 1022 reddunt,
326 967 390 1028 quod
402 970 457 1012 aute
467 965 526 1013 alicu
536 964 637 1028 insignis
655 964 694 1013 uie
710 963 755 1010 flu·
786 961 863 1008 multo
880 959 1004 1022 pauciora:
1021 967 1049 1006 ut
1062 957 1137 1005 Cone.
1148 959 1205 1004 117.
1215 953 1338 1015 ξυνελέγη·

205 1029 258 1078 vius
271 1031 310 1086 sit,
321 1030 369 1092 ipsi
386 1029 505 1084 intuentur
522 1043 620 1076 necesse
638 1026 682 1085 εει,Ι
694 1035 754 1089 epte
786 1041 831 1086 μεν
843 1023 925 1074 ὀπως
939 1021 1151 1088 προμελετήσωμεν
1172 1018 1237 1068 ἂίιεῖ
1255 1021 1290 1068 δεῖ
1303 1018 1340 1068 λς’·

206 1093 372 1157 explicationis
391 1094 555 1158 desperatione
571 1094 618 1142 boc
637 1107 756 1142 commcn-
788 1089 981 1152 yemBauucs.
1012 1088 1094 1138 Scribo
1113 1081 1286 1150 ἂμβλοιστιίνρς
1300 1099 1339 1147 pro

205 1167 257 1206 tum
269 1159 312 1206 ibi
323 1165 439 1206 extortum
450 1173 511 1206 esee.
544 1157 617 1204 Multi
627 1157 689 1204 eninr
701 1165 757 1204 sunt
790 1151 981 1218 ἂνοβλιιοτύνρς,
1000 1169 1049 1200 aon
1067 1152 1097 1201 dv
1115 1148 1268 1214 βλαστάνῃς,
1281 1149 1340 1214 quod

207 1223 249 1271 elii
259 1223 329 1286 longe
340 1223 440 1287 majores
449 1229 521 1284 atque
533 1222 673 1270 illustriores
683 1221 758 1278 fluvii,
790 1220 915 1284 proposuit
930 1216 1201 1270 &accumulatione
1224 1217 1257 1261 ad
1278 1215 1340 1263 Plut.

208 1287 760 1416 retituetuluutuetmuu.
791 1278 1343 1413 t}{·.trtte⁸uuu.tutuiult

840 1381 847 1395 ·
962 1379 970 1402 a

208 1417 244 1464 nic
255 1386 380 1481 ejusmodi,
389 1417 520 1481 appellatio
530 1432 577 1463 non
588 1416 761 1490 minusiuieaet
792 1420 844 1460 ext
885 1412 947 1460 edis
962 1412 1052 1484 pedum
1062 1408 1173 1472 quedem
1185 1409 1285 1456 tarditas
1294 1423 1343 1455 ser-

208 1482 761 1607 ‘retitultlulttl'ttiltllt
792 1485 882 1590 ”lu
897 1477 1345 1602 {iliizi‘l'iiitmpmuutqe

209 1607 338 1656 Herculem
359 1609 439 1656 dicare
460 1610 543 1656 vellet.
585 1609 713 1656 Hrnmau.
735 1607 761 1654 in
793 1602 1346 1667 corripiturinconc.64.dxmwdpnvim‘sss

209 1673 328 1722 diesettut.
339 1674 370 1721 de
380 1674 458 1721 Musis
476 1672 608 1720 fluvialibus
625 1671 761 1735 Epicharmi
793 1668 851 1731 πρὸς
860 1667 903 1716 σὺν
913 1668 989 1726 ἣλιον.
1024 1667 1111 1715 Putnsi
1128 1667 1277 1730 aliquamdiu
1292 1668 1346 1715 acri·

211 1745 238 1785 et
247 1737 341 1786 Eumeli
351 1754 376 1801 p.
386 1743 427 1796 17.
777 1731 899 1781 'bendum
909 1747 963 1780 esse
974 1731 1047 1794 ἔχεις,
1059 1731 1089 1780 οὐ
1106 1747 1137 1791 γε
1155 1734 1266 1792 χλιανεῖς
1280 1747 1347 1780 σεοο-

244 1800 378 1866 aucupes
394 1802 418 1849 ι’
434 1801 496 1853 ὅσοις
515 1796 704 1863 ἀνοβλοστένῃι.
736 1799 762 1848 Si
794 1796 845 1846 τόν.
877 1796 926 1848 Sed
935 1811 1017 1844 revera
1035 1797 1061 1844 in
1075 1795 1175 1857 χλιοῐνιι
1195 1804 1221 1844 et
1237 1797 1349 1844 derivatis

212 1866 304 1914 nullam
320 1867 485 1928 exceptionem
494 1865 599 1912 admittit
609 1863 705 1912 Dswea.
722 1879 761 1912 ca·
795 1862 878 1910 incerti
888 1862 977 1910 moduli
993 1868 1030 1926 est
1047 1861 1115 1908 litera
1126 1880 1135 1910 ι
1144 1869 1168 1910 ct
1178 1867 1302 1924 poetarum
1312 1877 1347 1908 ar·

211 1933 375 1994 non‚rocales
389 1931 471 1978 breves
487 1929 587 1993 produci
605 1937 764 1990 semperante
795 1927 866 1976 bitrio
886 1927 1008 1990 permissa.
1039 1923 1183 1977 Producitur
1204 1927 1230 1974 iu
1250 1925 1348 1988 χλιαρὸς

213 1995 470 2053 consonantesmedias
481 1999 506 2051 β,
514 2010 541 2058 γ,
549 1995 570 2049 δ,
582 2001 696 2056 aequente
705 2009 763 2057 qua·
796 1991 858 2040 Acb.
868 1995 926 2040 9⁷⁵.
946 1990 1057 2052 χρήσιμοι·
1066 1989 1118 2040 τόδ’
1129 1988 1159 2039 cd
1168 1991 1253 2054 πρέπει
1263 1991 1349 2054 χλιαρὰ

212 2060 248 2107 via
259 2060 358 2123 liquida,
369 2067 453 2122 praeter
470 2060 561 2107 unicam
575 2075 598 2122 p,
608 2073 708 2120 eamque
727 2074 764 2106 re·
796 2055 934 2106 κατεσθίειν.
946 2057 1067 2104 Beuuor.
1084 2057 1131 2102 Με.
1142 2055 1181 2118 [ει
1189 2057 1283 2120 Senot]
1292 2073 1350 2118 m·

215 2125 293 2186 gulam
305 2125 400 2187 tragicis
411 2122 596 2172 cumcomcedie
614 2123 765 2186 scriptoribus
796 2119 1005 2183 χλιανεῖς-ΒΗΤ.
1026 2119 1203 2184 ἔχεις,σιερχλ.
1221 2121 1273 2170 Με.
1281 2121 1348 2170 Ttin.
1436 2129 1437 2134 ’

214 2204 362 2238 communem
371 2204 433 2238 ease.
460 2187 765 2250 Hoc,iuqua1n‚eiusqne-
797 2187 883 2234 Dona.
1336 2207 1341 2218 ·

214 2269 307 2317 quaque
326 2269 407 2300 verum
426 2260 471 2309 εει,
484 2267 563 2300 versus
579 2253 709 2315 bic,quem
725 2253 765 2300 ille
831 2256 888 2302 287.
904 2249 1048 2315 Πρόβουλος.
1080 2250 1129 2298 Hic
1151 2256 1204 2298 erut
1223 2265 1280 2300 cum
1297 2251 1350 2312 plu·

214 2333 264 2366 non
279 2318 372 2381 adtigit,
383 2317 451 2365 aliter
469 2315 608 2365 scribendus
625 2325 670 2366 est.
703 2316 766 2365 Nam
799 2316 864 2366 ribus
874 2317 927 2364 eliis
938 2315 1035 2379 ἔξαρχος
1044 2315 1087 2363 τοῦ
1097 2318 1273 2379 βουλευτηρίου.
1300 2315 1351 2364 Ηε·

214 2397 244 2428 er
262 2382 308 2430 isto
329 2397 419 2430 canone
442 2384 567 2437 ιινιιβλοισι1
587 2395 631 2443 ρει
651 2388 689 2428 εει
712 2381 767 2430 bec·
799 2379 876 2428 rodot.
892 2389 961 2429 vocat
978 2395 1008 2428 eo
1024 2380 1119 2428 nomine
1133 2395 1194 2444 quos
1213 2381 1353 2429 Ριοσιέονει

215 2445 293 2502 chius,
311 2461 382 2509 quem
397 2453 499 2494 metrum
515 2443 640 2492 iambicum
657 2460 705 2494 non
726 2446 768 2494 ad-
800 2444 910 2494 dicimus.
934 2445 969 2493 lli
978 2444 1130 2492 videbantne
1141 2443 1200 2508 quid
1209 2445 1258 2508 ipsi
1267 2459 1353 2493 novem

214 2510 304 2558 mittit:
320 2511 498 2559 rescribendum
516 2517 553 2557 est
569 2509 642 2572 igitur
658 2509 720 2559 iser
739 2510 770 2560 bs
801 2510 948 2572 magistrante
964 2517 1047 2558 contra
1057 2508 1227 2573 rempublicam
1237 2510 1352 2558 fecerent.

216 2573 363 2640 βλαστάνῃς,
382 2591 427 2623 nec
442 2574 544 2638 amplius
559 2581 648 2622 vertere
667 2575 731 2630 licet.
742 2583 771 2626 ut
802 2573 905 2622 Eosdem
915 2573 1164 2637 fuisse'ropoplltmmr
1174 2574 1247 2622 etiam
1263 2575 1354 2638 putarit

216 2641 369 2702 regermineu.
401 2641 449 2688 Sed
467 2654 513 2702 ego
529 2645 579 2686 tam
595 2653 687 2688 severas
705 2639 770 2703 leges
801 2654 902 2702 maguus
918 2639 1032 2688 Budaeus.
1064 2639 1189 2702 Principes
1207 2639 1294 2689 Seruii
1313 2654 1354 2687 ro-

218 2704 296 2766 poetis
312 2721 361 2752 non
378 2711 465 2754 statuo·
497 2704 618 2760 Quantum
628 2703 653 2752 id
665 2703 715 2752 fieri
727 2721 769 2768 po·
802 2719 998 2767 carepossnmua.
1025 2702 1354 2752 Scidinillasuacollectu·

217 2769 273 2830 tuit,
284 2778 373 2818 certum
384 2779 419 2816 cat
430 2770 462 2818 ad
471 2767 587 2832 prosodie
596 2769 700 2830 regulas,
710 2783 769 2832 quaa
802 2783 901 2817 neomm
912 2769 1028 2833 farragine
1046 2768 1132 2832 viginti
1148 2769 1254 2832 primum
1272 2769 1354 2824 luisse,

219 2831 320 2882 Dewes.
337 2836 453 2895 sagaciter
470 2831 609 2888 observavit,
626 2834 682 2880 deta
698 2849 770 2896 opera
802 2833 890 2884 deinde
900 2835 979 2898 plures
996 2841 1087 2882 creatos
1101 2833 1183 2881 scribit
1196 2833 1355 2896 postclsdem

219 2897 335 2946 comicum
353 2904 460 2946 nostrum
478 2911 557 2944 aereus
574 2912 630 2944 auos
647 2905 768 2947 tomsme:
802 2897 898 2954 Sicilire,
908 2899 949 2963 qui
958 2907 1116 2962 ceverent,ne
1133 2897 1193 2961 quid
1207 2913 1246 2945 rea
1262 2898 1356 2960 publice

219 2959 262 3008 sed
271 2962 314 3009 ubi
324 2977 378 3012 eum
388 2963 425 3010 vis
437 2961 505 3009 metri
518 2961 605 3024 coegit,
615 2962 709 3024 elinque
726 2965 769 3012 de·
802 2973 898 3025 caperet
916 2963 1059 3012 detrimenti.
1099 2961 1147 3010 Eos
1167 2962 1288 3009 maximus
1308 2978 1356 3010 ma·

218 3026 313 3074 fuerunt
329 3025 406 3083 verbs,
418 3027 504 3090 quibus
522 3041 607 3074 sensus
624 3041 678 3074 suos
690 3027 768 3091 expri·
803 3027 875 3090 gister
884 3027 1028 3078 Aristoteles
1037 3029 1165 3076 convenire
1181 3028 1257 3090 magis
1275 3027 1357 3076 scribit

218 3098 302 3147 meret,
313 3091 397 3140 eadem
411 3092 508 3140 licentio
525 3105 580 3138 usne
597 3103 642 3147 eat,
653 3107 723 3154 quem
732 3091 769 3141 A·
800 3091 827 3139 in
838 3093 959 3141 dominatu
969 3109 1096 3156 paucorum
1107 3107 1177 3154 quem
1189 3092 1214 3138 in
1222 3098 1289 3139 statu
1296 3092 1357 3139 mul·

219 3155 380 3206 thenieusium
390 3171 460 3205 aures
480 3163 528 3202 tam
541 3155 642 3218 benigne
653 3157 769 3206 concede·
802 3157 918 3213 titudinis,
929 3158 995 3222 cujus
1012 3159 1045 3206 rei
1063 3157 1164 3221 publicae
1178 3157 1290 3219 proprius
1299 3155 1358 3203 ordo

220 3222 279 3268 bant
289 3222 392 3284 tragicis,
407 3222 447 3284 qui
462 3222 560 3268 alterum
571 3235 585 3267 e
595 3221 691 3268 Demea.
699 3237 770 3270 cano·
804 3229 841 3269 est
850 3223 936 3280 βουλὴ,
948 3237 995 3270 non
1006 3220 1134 3285 προβοολὴ.
1167 3221 1200 3270 V.
1211 3221 1293 3284 ipsum
1303 3221 1357 3270 libr.

219 3285 291 3342 nibus
301 3301 389 3349 susque
400 3286 478 3348 deque
489 3283 634 3346 babuerunt;
650 3286 719 3334 illum
728 3301 770 3335 au·
802 3285 835 3334 iv.
857 3287 983 3335 Politicou.
1014 3287 1127 3335 Meminit
1145 3285 1212 3332 idem
1232 3288 1283 3335 τῶν
1303 3303 1358 3348 προ-

220 3358 271 3399 tem
289 3351 319 3398 de
334 3351 518 3399 consonantibus
533 3348 619 3396 mediis
635 3363 684 3397 non
702 3351 771 3408 adeo,
804 3349 897 3407 βούλοιο
905 3351 957 3399 libr.
967 3352 1004 3400 iii.
1020 3351 1212 3406 Rhetoricorum‚
1222 3352 1264 3398 ubi
1284 3351 1360 3412 Sopb.

220 3424 248 3462 ut
258 3416 299 3462 ille
310 3418 412 3466 rebatur.
422 3415 532 3478 religiose
542 3413 702 3462 observarunt.
732 3415 771 3463 De
804 3414 936 3477 πρόβουλον
951 3419 1071 3465 censuisse
1081 3415 1177 3463 aitcnm
1189 3415 1244 3462 eliis
1254 3413 1357 3478 προβού·

220 3479 466 3541 biseliolocongam.
499 3477 771 3542 Hictrieeaemplesa·
805 3489 865 3536 λοις,
885 3481 1061 3529 constituendos
1076 3483 1133 3530 400.
1152 3482 1288 3528 archontas.
1321 3479 1360 3526 Ibi
1401 3507 1405 3516 ·

220 3543 251 3590 tic
262 3543 309 3590 erit
319 3533 463 3604 produxisse.
481 3543 564 3591 AEech.
575 3542 655 3590 Prom.
667 3548 723 3594 172.
736 3544 771 3592 di·
806 3545 904 3593 Graecus
914 3547 1029 3610 interpres
1037 3542 1182 3607 προβούλους
1193 3561 1243 3592 esse
1251 3545 1359 3599 rulteoru

219 3614 322 3654 metrum
331 3608 395 3655 huuc
407 3609 480 3656 habet
496 3609 664 3669 anapesticum
675 3625 680 3654 ι
697 3608 773 3658 καίτοι
806 3610 847 3672 qui
857 3609 886 3657 de
896 3625 975 3658 rerum
985 3611 1076 3658 eventis
1094 3610 1223 3657 consulunt
1232 3617 1259 3657 et
1269 3609 1361 3657 delibe-

221 3672 245 3730 p'
267 3671 294 3718 ob
312 3671 486 3732 μελιγλώσσοις
505 3673 605 3722 πειθοῦς.
637 3672 727 3722 Noster
746 3675 772 3721 iu
805 3681 866 3722 rant.
887 3674 1010 3722 Faeni.
1043 3675 1081 3722 Ex
1102 3676 1147 3720 luc
1169 3675 1239 3721 etiarn
1262 3673 1360 3720 Probuli

222 3736 293 3783 simili
304 3744 378 3784 metro
390 3735 452 3784 Avv.
464 3740 520 3786 216.
536 3735 593 3799 πρὸς
602 3738 658 3787 Διὸς
668 3737 734 3802 ἕδρας
742 3738 773 3786 is'
806 3753 907 3800 persona
924 3739 1142 3786 concludimuslroc
1151 3739 1233 3786 drama
1244 3738 1360 3801 prodiisse

221 3799 401 3862 ὂχροσοιιόμιις.
433 3802 503 3849 Plato
515 3802 619 3850 comicus
629 3803 694 3865 eputl
703 3803 773 3851 Grot.
806 3804 964 3865 postcledem
972 3805 1083 3851 Siculam.
1102 3802 1167 3850 Num
1177 3803 1359 3850 Probulusme-

220 3866 247 3912 in
257 3866 385 3930 Excerptis
395 3883 419 3928 p.
430 3871 486 3916 478.
498 3868 549 3916 νοεῖ
560 3865 604 3926 μὲν
620 3865 687 3930 ἕτερ’,
706 3866 773 3931 ἔτεριι
805 3867 917 3930 gietrntus
927 3868 972 3915 luit
982 3867 1190 3930 extusordinarins,
1202 3869 1242 3930 qui
1253 3868 1281 3914 in
1288 3867 1360 3913 rebus

170 3981 173 3990 .
221 3929 247 3978 δὲ
257 3931 355 3996 γλώττῃ
367 3929 505 3993 otti-seror.
538 3931 598 3994 (Sed
611 3931 772 3994 videquaead
806 3933 886 3980 dubiis
896 3933 1029 3995 reipublicae
1039 3933 1174 3981 creabatur:
1192 3941 1249 3994 poet
1261 3932 1360 3978 infortu-

221 3995 300 4042 Schol.
320 3997 346 4042 in
368 3996 433 4043 Ares
454 4001 510 4046 168.
532 3997 648 4046 dicentur.
676 3997 772 4061 Diuo.)
805 3997 871 4044 nium
890 4012 947 4045 vero
967 3997 1053 4045 Siculae
1073 3995 1148 4045 cledis
1166 3997 1192 4044 id
1215 3997 1303 4044 iactum
1325 4003 1360 4040 eat

149 4117 151 4123 Ι
220 4057 296 4106 Vides
310 4060 351 4109 llic
365 4060 489 4110 secundam
500 4061 526 4110 iu
535 4060 711 4122 μελιγλώσσοις
721 4077 772 4110 cor·
806 4061 919 4119 Athenis,
932 4067 991 4110 teste
1001 4061 1184 4126 'l'ltucydinitio
1193 4061 1248 4108 libr.
1260 4056 1359 4108 viii-stol

218 4123 273 4186 ripi,
285 4139 338 4185 ques
353 4125 422 4187 juxta
440 4139 555 4174 canonem
566 4126 662 4174 Demea.
673 4127 772 4189 produci
805 4125 881 4190 ἀρχήν
896 4143 949 4175 τινα
966 4125 1131 4191 πρεσβυτέριον
1147 4127 1238 4188 ἀνδρῶν
1254 4123 1359 4178 ἑλέσθαι.

219 4189 331 4236 deberet:
349 4189 448 4251 primam
467 4190 490 4235 in
509 4189 576 4254 ἕδρας
596 4191 702 4254 produci,
719 4207 771 4256 qusr
806 4193 891 4242 cirues
904 4191 954 4254 περὶ
963 4196 1013 4242 τῶν
1022 4191 1148 4255 παρόντων,
1166 4191 1197 4240 ὥς
1207 4191 1236 4239 ἂν
1247 4185 1360 4253 καιρδςῇ,

220 4251 318 4300 deberet
329 4255 431 4316 corripi:
450 4252 475 4302 δὲ
484 4255 510 4302 in
520 4261 605 4318 quarta
618 4257 703 4304 senarii
715 4258 771 4304 sede
805 4255 1018 4319 προβουλεύσωσιν.
1050 4259 1089 4306 Sic
1100 4257 1171 4304 etiam
1183 4255 1360 4304 Herodotlibr.

219 4317 306 4377 corripi
318 4329 373 4364 ante
384 4327 426 4377 γλ,
438 4335 512 4381 quum
531 4321 631 4382 produci
641 4320 772 4368 debuisset.
806 4322 846 4370 vii.
855 4324 895 4378 ait,
906 4323 1043 4370 imminente
1060 4339 1075 4372 a
1091 4323 1172 4370 Xerxe
1182 4321 1256 4382 bello,
1269 4320 1361 4367 Probu-

218 4377 276 4424 Non
287 4380 392 4428 obstabit
401 4397 456 4443 ergo
468 4398 543 4431 canon
551 4385 602 4446 ille,
613 4385 670 4446 quin
680 4397 772 4433 maneat
805 4386 840 4432 loe
856 4387 927 4434 fuisse
947 4396 1099 4451 congregatos
1108 4387 1134 4433 in
1151 4385 1252 4440 Isthmo,
1269 4385 1363 4432 electos

219 4441 282 4515 ὅσοι
303 4441 492 4508 ἂνοβλοστόνῃς.
525 4447 605 4496 Aliam
624 4448 654 4495 ob
675 4464 771 4502 causum
805 4435 953 4500 ex’Graeciae
963 4453 1098 4502 civitatibus
1108 4465 1162 4514 quae
1174 4450 1257 4498 melius
1267 4447 1363 4496 sffectae

219 4507 279 4560 milri
289 4507 366 4556 minus
379 4510 498 4570 placuerat
508 4512 603 4573 vulgata
621 4513 707 4562 lectio:
725 4514 770 4563 sci·
805 4523 877 4565 orant.
889 4516 1010 4566 Ρλιιοειι.
