2872 4916
71 439 271 516 vass-asa]
408 412 837 503 'eatmooot’mzot‘tnn
1133 451 1192 515 ³⁰9

71 598 228 655 ministrarii,
239 599 356 648 dicuntur.
383 591 612 663 Quieuaqanm,ait
642 600 719 664 κονᾷ)
730 599 777 650 dab
787 603 832 650 τοῦ
841 602 913 664 mail,
928 599 958 650 εδ
973 598 1092 664 πράσσοι.
1114 601 1192 653 emet
1253 583 1258 590 ⁶

71 664 141 725 Kosa,
150 667 186 714 vel
194 665 252 727 tegit
262 667 298 714 vel
306 666 397 714 audivit
408 666 509 728 aliquem
517 681 610 728 exspec-
641 669 744 728 κυρκυνῶ
754 667 815 730 (leg.
826 665 950 728 mpnava‘i),
964 667 1105 727 πλεονασμῷ
1114 669 1158 714 τοῦ
1167 685 1190 731 ρ.

70 731 245 779 tradostrabum
257 730 352 790 suctum
365 729 463 790 fuisse?
479 729 545 786 Non,
568 747 609 779 ea·
642 730 722 778 Kusr.
738 731 798 794 Gry.
808 733 924 780 κοικοινᾶς.
940 729 1007 778 Suid.
1017 731 1048 778 -in
1058 729 1193 782 κοικύλλεις

70 797 192 858 spectando,
208 793 251 842 sed
269 797 401 858 spectando,
412 809 442 841 an
458 794 479 840 is
490 809 558 856 quem
569 810 609 842 eu·
641 793 714 842 habet
730 793 768 844 κοί
783 794 816 859 τί,
834 795 876 842 ubi
897 795 969 842 Κοεί.
985 799 1091 860 aurardo.
1125 797 1192 845 Nota
1284 855 1285 860 ¹

70 859 513 920 spectaretveniret,strabusisctuseet.
530 859 610 907 Unum
641 859 775 909 κοικύλλειν
796 866 833 908 est
854 859 1020 924 reprflabreru:
1055 873 1111 924 ergo
1138 861 1191 922 lege

71 925 137 969 altero
150 923 298 985 intelligitur,
318 923 359 986 qui
377 930 470 983 tropus,
490 923 515 970 ni
532 924 610 980 fallor,
640 925 812 974 tranenses.
827 925 947 987 κυρκανᾷς.
964 925 997 972 aio
1008 923 1076 972 Suid.
1091 923 1131 972 ed.
1141 924 1192 974 Ma.

70 987 192 1050 οονεκδοχὴ
216 989 357 1051 appellatur.
398 989 425 1035 si
446 988 501 1051 quis
521 988 610 1052 aliquid
641 1004 664 1036 v.
682 1005 741 1038 κοικ.
762 990 842 1037 Pons.
869 990 977 1052 κυκονᾷς.
1012 989 1052 1037 Sic
1070 989 1102 1036 ad
1123 991 1192 1038 metri

70 1057 188 1114 exspectat,
206 1067 236 1098 eo
254 1058 352 1116 specim,
374 1053 437 1100 unde
456 1051 517 1106 illud
527 1053 610 1101 venire
640 1053 717 1116 legem
739 1054 888 1102 scribendum
904 1069 964 1116 ease,
986 1053 1097 1100 viderunt
1117 1053 1191 1102 inter·

71 1117 145 1177 possit.
172 1115 263 1164 Eadem
287 1133 381 1180 prorsus
405 1117 516 1180 loquendi
536 1118 610 1173 forma
641 1125 728 1179 preter.
760 1119 808 1175 Qui
830 1133 901 1180 supra
921 1121 978 1167 429.
994 1117 1021 1164 in
1036 1124 1103 1165 textu
1121 1133 1190 1182 repo·

69 1180 136 1227 utitur
150 1179 251 1228 Plautus
269 1182 337 1229 Men.
349 1198 371 1227 v.
382 1185 407 1229 8.
417 1187 442 1230 6.
459 1181 561 1230 ‘Lumbi
572 1199 609 1230 se·
641 1190 721 1230 suerat
748 1185 873 1247 κυρκανᾷς,
899 1182 938 1230 llio
963 1181 1047 1228 eadem
1069 1197 1100 1229 ex
1120 1198 1191 1232 canta
1259 1220 1261 1224 .

69 1244 148 1300 dendo,
169 1245 233 1293 oculi
258 1249 414 1310 exspectando
434 1246 533 1294 dotent:
571 1247 610 1296 Sic
641 1246 712 1310 Berg.
733 1247 836 1312 κοκανᾷε
860 1261 974 1310 reponere
991 1245 1103 1310 debebat,
1125 1249 1190 1310 qaod

70 1310 166 1356 enimin
185 1309 267 1358 Plauti
287 1309 364 1359 Codd.
386 1319 411 1358 et
438 1311 533 1373 optimis
554 1311 609 1360 edd.
640 1309 736 1359 fecisset
751 1313 843 1376 ntique,
862 1311 882 1358 si
901 1311 953 1372 ipse
970 1311 1084 1358 comicum
1101 1310 1190 1360 edidis-

68 1374 159 1436 legitur:
180 1389 304 1438 perperam
318 1375 344 1422 iu
364 1375 531 1424 recentioribus
546 1391 610 1438 spec·
642 1383 687 1422 set.
719 1375 849 1439 Utrumque
867 1375 954 1422 dicitur
971 1376 1076 1439 κνκονᾷν
1093 1383 1118 1422 et
1136 1392 1189 1439 κυρ-

69 1440 140 1487 tuado.
172 1438 244 1495 Quod
260 1449 337 1487 autem
355 1440 380 1486 in
391 1439 491 1503 Excerp.
502 1440 563 1487 Scal.
574 1457 610 1488 re·
641 1440 726 1504 κινᾷν.
750 1441 802 1489 Hes
818 1442 855 1488 oh.
874 1439 1017 1494 κοικύλλειν,
1031 1439 1190 1502 περιβλέπειν.

69 1501 153 1563 peritur
173 1503 257 1558 ἄλλος,
278 1503 308 1552 ab
328 1501 384 1552 aiios
399 1505 474 1551 multo
489 1505 610 1562 remotius,
642 1503 730 1552 Cetera
750 1458 817 1569 apud
834 1519 888 1553 eum
906 1503 972 1551 vide.
994 1504 1114 1552 Bnuuor.
1141 1521 1190 1553 κοι-

68 1581 132 1628 quam
143 1567 173 1614 ab
184 1567 262 1624 ίλλδς,
277 1569 303 1616 id
319 1568 390 1616 nauci
405 1583 454 1615 non
471 1583 523 1615 esse
536 1571 610 1617 mani-
641 1568 744 1618 κύλλεις.
772 1569 839 1618 Suid.
857 1567 997 1618 κοικύλλεις·
1013 1567 1190 1636 κεριβλέπειςδ

68 1631 148 1678 testum
157 1641 203 1680 est.
236 1633 284 1680 Sed
301 1647 348 1696 qua
365 1633 479 1680 brevitate
490 1640 515 1680 et
525 1633 609 1681 obscu-
640 1638 800 1696 κοκοτεχνεῖε.
826 1633 912 1681 deinde
934 1634 993 1682 citat
1012 1635 1077 1681 inuno
1102 1634 1189 1682 locum.

67 1695 129 1742 ritate
150 1697 293 1745 concinnata
303 1705 358 1745 sunt
370 1697 416 1744 iata
427 1697 554 1758 Excerptn,
567 1713 609 1745 ne·
640 1697 742 1746 Mallem
759 1706 839 1746 tamen
856 1698 967 1760 scripturn
981 1711 1034 1745 esse
1049 1698 1191 1748 κοικίλλεις.

67 1759 147 1807 seimus
156 1761 221 1809 unde
233 1761 429 1810 hanclectionem
437 1762 609 1825 protuleriteo-
640 1762 753 1825 Sophoel.
771 1764 858 1812 Trach.
877 1767 949 1812 1118.
966 1769 1008 1809 aut
1027 1765 1100 1811 1187.
1123 1762 1191 1812 οὐδὲν

67 1839 113 1871 rum
130 1825 246 1881 redentor,
265 1841 296 1873 an
316 1841 329 1873 e
351 1825 528 1890 scriptolibro,
547 1841 609 1875 ane
640 1825 766 1887 εον1ημ’δι
776 1827 807 1876 οδ
817 1825 1040 1877 annumerandam.
1059 1827 1191 1877 nbiSobol.

68 1889 204 1952 conjectura.
236 1890 262 1937 Si
272 1891 352 1954 aliquo
362 1889 387 1938 in
399 1891 481 1938 codice
494 1890 610 1955 scriptura
639 1891 725 2003 πορίζῃ
738 1891 777 1942 καί
794 1889 950 1952 καλλωπίζεις
967 1893 1003 1952 τῷ
1017 1887 1190 1952 λίγφ.Βιιιιο.

66 1953 104 2000 illa
120 1963 213 2018 reperta
228 1954 309 2010 fuerit,
327 1970 392 2002 error
409 1955 465 2004 inde
482 1961 548 2002 ortus
563 1964 609 2020 est,
640 1954 665 2016 ὴ,
683 1959 762 2005 elend.
773 1964 798 2006 et
807 1957 950 2007 κοσκύλλειε
959 1956 1005 2017 leg.
1016 1954 1106 2002 Rnrsr.

67 2017 125 2078 qnod
135 2020 192 2066 olim
209 2017 315 2066 initiales
327 2019 407 2066 literas
418 2035 466 2066 non
477 2020 610 2068 scribebant
671 2026 729 2070 858.
744 2039 785 2070 rra
799 2023 828 2071 δν
846 2020 946 2080 Ἑλένην
966 2017 1017 2082 ider
1036 2018 1101 2079 τάχ’.
1142 2018 1191 2068 Αν.

67 2081 163 2130 librariis
183 2098 284 2132 vacuum
303 2083 471 2146 relinquebant
498 2085 608 2147 spatium,
639 2088 711 2136 1468.
728 2039 812 2150 auspic
825 2085 881 2148 τδρ(
894 2084 945 2148 ὄψει
956 2087 1190 2147 στρεψοδικοπανουρ-

67 2159 109 2206 qno
125 2147 264 2210 calligraphi
280 2163 352 2194 manu
369 2147 438 2196 litera
454 2162 510 2196 auro
527 2149 608 2196 variis·
638 2147 703 2209 ρίαν.
735 2151 842 2199 Similem
858 2150 965 2198 minandi
974 2150 1098 2196 turmulam
1109 2149 1190 2196 obaer-

66 2225 107 2272 quo
118 2212 234 2259 coloribus
244 2211 365 2275 pingenda
375 2221 432 2260 erat.
465 2213 491 2260 Si
507 2213 566 2260 sorte
578 2215 607 2260 li·
638 2215 692 2262 vavi
711 2215 737 2262 in
755 2213 886 2278 Apollonio
895 2215 930 2260 iii.
943 2213 1008 2260 875.
1031 2213 1101 2260 Alius
1115 2213 1191 2276 ejusd.

64 2273 182 2323 brariusin
193 2284 262 2324 vetus
275 2277 399 2340 exemplar
407 2277 502 2339 incidit,
512 2277 553 2324 ubi
563 2279 608 2326 hoo
638 2285 716 2339 poeta
726 2281 794 2326 locus
803 2279 893 2325 comico
911 2282 993 2323 nostro
1010 2275 1131 2322 admoveri
1148 2289 1191 2339 po-

64 2338 113 2386 loco
123 2339 251 2404 majuscula
261 2341 330 2389 litera
339 2341 426 2388 omissa
435 2342 520 2402 iuerat,
535 2356 608 2402 quum
637 2349 707 2388 terat.
739 2341 782 2388 Est
798 2341 839 2388 ubi
854 2341 929 2388 ,lason
946 2337 1193 2400 aeargentatae

65 2410 120 2452 λλος
129 2403 253 2467 reperiret,
263 2405 321 2467 quid
327 2405 435 2468 imperito
443 2405 535 2452 homini
544 2405 607 2465 priua
638 2408 695 2453 487.
705 2401 780 2464 μελέη
796 2421 827 2465 γε
843 2403 888 2465 μὲν
904 2402 960 2464 ἡμίν
973 2401 1057 2466 δρωρεν
1070 2400 1075 2466 l
1089 2403 1191 2467 δλςειρὴ,

63 2466 87 2512 in
107 2475 210 2516 mentem
225 2470 306 2516 venire
326 2469 409 2516 debuit
426 2483 497 2530 qnam
511 2468 608 2515 notissi-
639 2467 680 2516 ὅτε
690 2467 776 2517 νόστον
786 2466 978 2530 ἐπετραπόμεσθα
992 2467 1106 2529 γυναιξίν.
1125 2469 1192 2531 quod

64 2533 273 2580 mnmvocabulum
290 2533 388 2581 Αλλος1
414 2541 440 2578 et
456 2535 505 2580 hoc
522 2532 607 2578 sunda·
638 2532 716 2580 simile
738 2539 777 2580 est
798 2532 919 2580 Gelonion
936 2533 1061 2579 sententiae
1080 2533 1136 2596 Lys.
1150 2537 1192 2582 al.

64 2603 139 2643 mento
153 2597 240 2644 nititur
253 2597 326 2644 Knst.
342 2596 486 2644 emendatio.
519 2595 608 2644 Confer
638 2596 664 2643 du
680 2599 733 2655 ruis
749 2594 867 2658 γονοιξίνς
885 2597 920 2645 ἐπ’
940 2593 1024 2656 ὀλίγον
1039 2595 1086 2660 γδρ
1103 2596 1195 2659 είχςιο.

64 2659 197 2708 Hemsterh.
218 2662 248 2709 ad
278 2661 384 2724 Hesych.
411 2661 515 2724 glossam
535 2659 606 2709 ίλλώ-
638 2660 757 2710 Brunca.

64 2727 194 2773 msa-d
214 2726 233 2773 δ’
248 2724 353 2774 οὐδέπω.
387 2724 530 2772 Subauditur
546 2725 607 2788 ἥκει,
670 2729 727 2774 865.
743 2724 831 2774 Νείλου
846 2723 891 2786 μὲν
904 2725 1064 2774 ε’ίδεκολλιε.
1081 2724 1194 2772 Ἐοίίιιῑ-

62 2787 225 2853 προσέρχεται,
251 2789 608 2852 φοίνςιοι,νο1εἰιιι11οᾳιι1ι1.
638 2787 696 2838 tium
707 2791 796 2838 Helen.
806 2789 890 2854 Eurip.
900 2805 929 2837 er
946 2803 994 2853 qua
1011 2789 1091 2837 tabula
1102 2797 1128 2838 et
1138 2789 1192 2851 plu·
1232 2781 1238 2799 ¹

64 2853 125 2900 Nihil
140 2855 166 2902 in
185 2853 295 2902 familiari
309 2861 334 2902 et
345 2853 436 2902 comico
446 2868 555 2901 sermono
566 2855 606 2901 tri-
638 2867 678 2902 res
696 2855 735 2902 hic
754 2853 824 2919 apud·
837 2853 960 2917 Aristopln.
976 2869 1058 2902 versus
1075 2854 1196 2917 leguntur.

63 2917 114 2966 tius.
146 2917 405 2966 Hoctamenetiamin
415 2917 501 2966 iisdem
512 2933 606 2980 excerp-
638 2917 776 2966 Notandum
793 2925 873 2966 antam
889 2926 935 2980 eat,
956 2917 1112 2982 posteriorem
1132 2918 1197 2966 hanc

61 2982 91 3028 tis
106 2983 257 3031 sollicitatum
274 2983 352 3038 video,
367 2983 487 3046 proposita
504 2982 606 3030 lectione
638 2981 723 3030 iabnlae
742 2985 813 3047 hujus
826 2991 919 3046 partem
929 2983 959 3032 ab
970 2983 1092 3046 Aristopb.
1101 2989 1194 3030 tantum

63 3049 195 3105 προσδοκῶν
204 3047 342 3110 Εὖριπίδηνι
362 3061 409 3110 qua
419 3046 530 3101 admissa,
547 3047 606 3094 nihil
638 3048 796 3110 conscriptam
813 3063 875 3104 esse,
892 3056 921 3094 ut
937 3047 1019 3110 Enrip.
1029 3054 1055 3096 et
1063 3048 1155 3110 aliquot
1164 3063 1194 3094 ex

64 3113 104 3158 erit
122 3127 169 3175 quo
187 3113 317 3160 referantur
334 3111 465 3174 sequentia,
479 3110 503 3158 rt
517 3111 567 3170 δῆτ’
578 3111 608 3160 δν
639 3109 844 3173 ajusdramatibns
863 3112 953 3188 populo
969 3111 1099 3160 deridenda
1114 3110 1195 3176 propi-

63 3175 96 3232 s’ln
105 3177 254 3237 τοδμποδών;
272 3177 393 3224 Bouron.
409 3174 500 3223 Frobb
511 3175 608 3224 οὐδέπω.
639 3184 715 3230 naret,
732 3177 793 3226 nihil
804 3189 873 3238 pensu
883 3175 983 3230 habens,
993 3183 1073 3222 utrum
1083 3191 1122 3239 ea,
1138 3191 1194 3240 quae

63 3239 121 3288 Scal.
139 3239 278 3304 Εδρικίδηνι
295 3239 336 3287 alii
351 3239 378 3289 δε
397 3239 416 3288 δ’
434 3237 536 3288 οὐδέποτ
555 3241 608 3304 lege
640 3237 717 3293 affert,
729 3253 806 3287 scenas
817 3247 843 3288 st
852 3245 990 3302 argumento
1000 3239 1097 3301 relique
1105 3240 1194 3288 sabula

61 3304 73 3350 δ
83 3304 102 3353 δ’
112 3303 209 3362 obdiam
221 3313 246 3353 et
257 3305 291 3353 sic
302 3305 371 3354 Suid.
383 3312 412 3362 οι,
417 3302 477 3366 Gry
487 3303 571 3354 Bran.
640 3305 803 3351 convenirent.
821 3303 934 3350 Nondum
944 3303 1007 3350 enim
1019 3308 1071 3349 tum
1080 3305 1194 3366 temporie

91 3371 147 3421 8i8.
162 3370 275 3434 Respicit
285 3369 316 3416 ad
328 3383 350 3416 ι.
361 3373 418 3418 110.
427 3368 512 3416 Bana.
641 3367 762 3414 comedis
773 3376 822 3415 tam
832 3381 921 3414 severa
930 3367 1013 3429 posita
1030 3375 1098 3414 erant
1117 3368 1193 3432 loges,

93 3436 147 3482 850.
165 3435 212 3494 τὴν
237 3433 319 3492 κοινὴν
344 3431 451 3491 Ἑλένην.
495 3431 563 3480 Dicit
583 3447 608 3479 ae
641 3432 724 3493 quales
748 3438 847 3493 postea3
871 3432 914 3478 sed
939 3429 1023 3477 comici
1042 3430 1080 3477 illi
1100 3437 1195 3480 veteres

60 3496 202 3546 imitaturum
218 3499 347 3560 Helenam,
366 3495 397 3545 de
415 3513 463 3562 qua
475 3511 550 3560 nuper
561 3496 610 3544 En·
642 3511 705 3558 saepe
727 3495 851 3543 ridiculum
872 3493 1028 3558 praeferebant
1047 3494 1148 3542 decoro:
1167 3504 1196 3546 ut

61 3561 128 3623 ripid.
144 3563 268 3626 scripserat
283 3561 438 3624 tragoediam3
461 3561 486 3606 in
497 3576 544 3624 qua
555 3561 609 3609 Me·
642 3575 738 3622 operam
757 3559 849 3615 ludant,
865 3559 908 3623 qui
926 3557 1051 3622 Aristoph.
1066 3559 1195 3609 comoediae

61 3629 142 3674 nelaus
152 3627 272 3675 Helenam
281 3642 309 3674 ex
319 3628 427 3690 AEgypto
437 3625 530 3688 repetit.
545 3624 609 3672 Nam
642 3625 672 3670 ad
684 3624 810 3672 hodiernae
818 3623 883 3686 leges
893 3623 994 3671 comicas
1002 3624 1099 3684 exigere
1110 3625 1195 3674 relint.

59 3689 92 3736 ibi
103 3693 237 3740 eamfuisse
255 3691 379 3739 detentam
398 3689 431 3738 ait
451 3687 562 3752 Euripid.
583 3690 609 3738 in
642 3687 690 3736 Sed
704 3687 735 3736 ds
753 3690 796 3737 lroc
806 3689 934 3736 aliasforte
945 3687 1117 3738 latius.l(uan.
1149 3689 1195 3738 Eat

59 3753 99 3801 illa
108 3755 196 3813 sabula,
207 3763 236 3804 ut
251 3763 276 3803 et
286 3753 403 3802 Herodot.
429 3753 516 3820 Itaque
536 3753 608 3800 Mne·
641 3751 734 3800 initium
756 3753 869 3800 dramatis
889 3751 981 3830 Eurip,
1002 3751 1044 3801 ubi
1065 3757 1090 3801 8.
1111 3753 1196 3816 legitur

59 3818 162 3868 siloehns
183 3821 256 3868 utitur
273 3819 346 3868 etiam
362 3817 439 3866 verbis
454 3817 607 3880 Euripideis3
641 3815 746 3878 ψεκάδος.
779 3817 1195 3880 Vulgaticomtcilibr-ihubeirtprr.¹

60 3883 79 3928 si
94 3884 153 3933 forte
171 3885 254 3948 Eurip.
264 3891 380 3948 tanquam
390 3883 518 3930 Menelaus
528 3882 610 3930 veniat
642 3880 719 3938 addon,
739 3879 804 3944 qnod
821 3881 920 3945 perinde
936 3887 987 3940 est;
1003 3889 1029 3928 et
1039 3881 1074 3928 sio
1084 3881 1157 3928 etiam
1168 3881 1194 3930 in

59 3954 83 3992 et
101 3949 204 3998 abducat
220 3949 349 4005 Helenam,
366 3955 394 3995 ut
413 3947 438 3994 io
455 3947 609 4010 sequentibus
642 3944 704 3994 Cod.
718 3945 841 4009 scriptum.
873 3947 921 3994 Sed
939 3946 1021 4010 primae
1038 3943 1136 4009 syllabae
1153 3961 1193 3994 sn·

59 4015 203 4062 ostendetur.
214 4013 300 4061 Bane.
455 4014 458 4019 ’
640 4011 903 4074 perscriptaabeadam
913 4009 1064 4058 mannlitera
1082 4026 1103 4056 ε.
1134 4008 1194 4058 Ter·

92 4079 148 4126 851.
158 4076 323 4142 Legerduros
334 4075 368 4126 δε
379 4075 429 4124 rid.
442 4079 514 4126 1⁰12.
525 4073 608 4122 Esar.
640 4075 700 4122 tium
710 4089 802 4124 versum
812 4075 907 4123 ridiculi
923 4089 995 4122 cansa
1011 4072 1145 4120 immutarit
1154 4089 1194 4122 oo·

92 4145 149 4192 852.
164 4143 228 4206 Lege
238 4141 263 4190 ri
279 4141 391 4190 8-dele
401 4141 424 4198 ἧ.
447 4139 509 4202 Gry.
521 4139 609 4188 omittit
640 4140 732 4188 micus:
744 4140 808 4202 apud
818 4139 933 4201 tragicum
941 4139 1036 4201 legitur,
1052 4139 1139 4196 λευκῆς
1151 4155 1194 4188 το·

60 4206 184 4254 saffira.
202 4205 440 4270 τίοιῦσδκορκονᾷς.
471 4203 545 4250 Matri
555 4221 607 4266 gra,-
641 4203 720 4262 astons
730 4203 809 4266 χιόνος
818 4201 907 4266 ἀρδεύει
916 4199 984 4264 udor·
998 4203 1119 4250 Bouron.

58 4270 91 4317 tia
110 4271 259 4320 scribendum
282 4278 319 4320 est
333 4271 436 4336 auaaurp‘s
455 4269 609 4332 absqnep:a
672 4274 729 4318 est.
746 4269 831 4326 λεοκῆς
849 4265 942 4328 νοτίζει.
974 4265 1061 4317 Versus
1072 4266 1111 4315 hie
1127 4269 1194 4331 apud

59 4334 143 4400 some,
164 4336 232 4400 cujus
249 4336 343 4400 syllaba
351 4335 429 4398 prima
437 4332 517 4382 brevia
527 4339 571 4398 est,
582 4341 610 4382 ut
641 4331 724 4396 Enrip.
744 4333 771 4380 in
793 4333 857 4380 diota
871 4332 953 4380 fabula
973 4325 1008 4379 sio
1024 4331 1193 4380 condonatur:

59 4413 90 4445 ex
113 4401 194 4448 multis
220 4401 280 4449 locis
306 4398 392 4448 comici
414 4397 487 4444 nostri
508 4404 609 4445 constat.
641 4396 845 4457 taurinensium
853 4395 1113 4460 χιίνοςδγροίνειγίις.
1128 4395 1194 4446 Hine

60 4461 192 4528 Utrumque
211 4473 291 4516 autem
308 4463 402 4518 dieitur,
424 4469 449 4509 et
465 4463 567 4526 κικιινᾷν
584 4471 610 4510 et
641 4471 748 4527 apparet,
766 4463 829 4526 apud
839 4461 963 4526 Eurip.rb
977 4463 1062 4528 λευκῆς
1072 4462 1153 4510 reterri
1162 4461 1199 4509 ad'

60 4531 185 4593 κυρκονᾷν.
217 4529 301 4594 Etym.
329 4528 367 4576 Μ.
385 4526 471 4577 κυκονᾶ
487 4525 548 4590 (leg.
570 4543 608 4575 κο-
642 4543 743 4592 sequena
764 4526 860 4589 χιόνοςι
888 4541 962 4594 quum
982 4526 1068 4579 eadem
1087 4541 1134 4574 vox
1154 4525 1193 4574 lric
