2878 4902
234 347 290 410 106
473 402 476 406 ,
521 339 645 404 NOTAE
667 337 711 394 IN
734 324 1073 396 nitls‘roi'HANEM.
1122 318 1172 396 [V.
1188 317 1377 376 itii-ieie.

237 511 309 554 eote
324 503 437 551 alterutro
453 500 479 547 in
496 500 550 546 loce
568 497 599 544 ed
615 509 670 546 euin
680 491 785 546 modum,
819 497 898 538 terum
907 483 1035 547 Euripides
1045 479 1110 528 idem
1117 475 1185 549 dicit,
1194 470 1284 520 τοιαῦτ’
1301 467 1375 522 nn«,

236 557 787 631 'quoliicleguntuncontrsctierantBiiiiiicii.
820 551 856 600 καὶ
868 551 941 611 δόξεις
951 547 1053 610 φρονεῖν,
1066 543 1092 589 in
1110 539 1215 600 Antiope
1233 533 1299 596 spud
1320 533 1375 578 Sto-

272 634 345 679 1241.
362 628 426 676 Libri
443 641 526 674 omnes
542 620 788 685 μιμνημένοε.])ιυο.
820 615 1003 662 baeum.Benc.
1044 608 1174 668 Perpetem
1193 602 1219 647 in
1239 599 1280 653 B„
1301 603 1331 642 nt
1350 594 1377 640 in

158 732 161 738 ·
239 689 514 756 LegltDlfld·-·V⁰V·F·
821 678 938 742 primariis
948 673 1004 722 edd.
1013 667 1123 719 παυτοὶδε.
1155 665 1187 714 In
1201 662 1234 709 A.
1251 659 1331 708 ramis
1342 658 1378 706 δέ.

206 773 216 784 ·
275 759 347 805 1241.
364 754 465 802 κλαυσεῖ
473 752 529 798 edd.
540 757 596 798 ante
607 746 753 795 Brunckinm
765 751 790 790 et
822 743 935 788 Zanettus
955 754 968 784 e
987 734 1051 783 sacili
1067 731 1201 804 conjectura
1219 725 1297 772 edidit
1307 721 1377 795 ταῦτ’·

221 821 227 826 ’
242 813 502 867 convenenerint.
510 805 790 860 Βωυο1.ιοοὶιο.1)ουο.
824 802 873 869 ᾆδε,
886 801 1014 850 emendata
1030 798 1061 844 ad
1078 803 1148 842 metir
1163 793 1250 852 legem,
1268 796 1295 834 et
1312 801 1380 834 exii

274 885 352 932 itti.
363 881 389 928 Si
399 880 502 942 genuina
520 885 558 924 est
574 875 690 937 scriptura
702 869 792 920 παύσας
824 861 956 919 sententiae,
973 861 1089 923 scriptura
1104 865 1131 904 ut
1147 852 1314 916 reponendum
1326 864 1379 896 esse

243 944 301 1006 δμφ.
312 959 388 1006 neque
400 940 499 992 ιὀσπῐδαι
510 938 566 1000 cipp.
576 935 747 999 reponendum,
761 935 792 980 ad
824 930 886 976 vidit
901 929 976 976 etiam
991 926 1097 985 Dawes„
1116 927 1141 968 et
1155 933 1186 964 ex
1197 917 1317 988 Farreanp
1327 929 1379 986 roi,

241 1011 317 1058 risum
341 1005 483 1054 movendum
502 1000 622 1065 potandos
639 1007 676 1046 est
703 997 792 1044 dixisse
825 990 1044 1053 cuilelsogloriam
1056 986 1128 1049 hujus
1143 980 1321 1060 emendationis
1339 985 1381 1024 tn-

244 1071 347 1132 υδμοηδς
365 1066 541 1129 ὀμφαλοέσσας,
553 1065 639 1127 quibus
650 1060 727 1108 verbis
739 1074 792 1107 sen-
825 1057 888 1117 buit,
913 1053 1021 1116 reposuit
1042 1051 1124 1111 Bergl.
1150 1059 1316 1108 κεκορεσμένοι
1337 1056 1381 1103 pro

244 1149 284 1181 sus
306 1148 356 1180 non
373 1134 444 1180 inest.
462 1130 546 1177 iimo.
570 1125 627 1191 ᾆδον
647 1123 742 1187 reposui
762 1138 793 1170 ex
825 1121 923 1182 vulgato
942 1113 1091 1180 irrepentem
1101 1128 1133 1159 ex
1148 1109 1257 1170 analogia
1274 1106 1381 1154 scriben-

245 1196 304 1244 nid.
316 1194 474 1245 Jont.11.1n.
768 1199 772 1204 ·
827 1184 882 1230 dum
894 1197 946 1230 esse
952 1182 1045 1228 monuit
1054 1181 1150 1228 anes.
1158 1173 1281 1220 Biturici.
1299 1170 1383 1226 ἤσθιον

280 1263 351 1308 inte.
377 1257 408 1304 In
428 1257 512 1304 Nubb.
530 1257 587 1303 tit.
612 1250 664 1313 περὶ
681 1253 739 1308 τοῦ;
764 1250 794 1298 σὺ
828 1249 905 1294 codex
922 1247 979 1295 Vnt.
996 1243 1049 1291 Pel.
1065 1241 1144 1288 Pons.
1171 1232 1324 1296 κεκορημένοι
1351 1248 1383 1280 ex

245 1323 293 1385 γάρ
303 1340 343 1381 μοι
353 1323 425 1370 τοῦτο
435 1317 534 1382 opinor,
546 1315 699 1378 dldnpures.
710 1315 794 1362 Bnnc.
828 1311 890 1360 Coi.
902 1310 965 1358 Rev.
976 1306 1096 1354 revocavit
1105 1301 1226 1350 Inverniz.
1234 1297 1322 1345 Dinn.

280 1382 571 1444 1217.Α1ι1.προπ1οετοι
590 1378 794 1442 legsrrporiieoro.
862 1378 933 1423 1252.
949 1371 1054 1427 ἄσμενοι.
1092 1368 1146 1414 Ηοο
1165 1361 1322 1410 referendum
1348 1369 1385 1411 eet

245 1449 328 1496 Burin.
344 1447 470 1496 πάσασθαι.
497 1445 537 1492 Sic
555 1443 644 1506 optime
661 1441 693 1488 A.
714 1441 795 1502 Vulgo
828 1426 1383 1497 adrmcooe'ioa,nonadeopiooeotmmmm-

245 1510 371 1572 μάσασθαι.
405 1509 559 1558 Homericum
580 1515 624 1561 est,
641 1506 705 1568 quod
728 1521 795 1566 repo·
829 1509 901 1563 quam
911 1515 990 1562 neque
1002 1501 1036 1546 sic
1046 1497 1108 1545 mile
1118 1503 1144 1540 et
1155 1491 1239 1538 melius
1257 1489 1382 1536 fortassis:

246 1575 343 1623 suimus.
358 1573 479 1620 Bnoncr.
513 1569 652 1632 Composita
664 1569 727 1616 enim
746 1570 797 1615 haec
829 1579 884 1612 num
897 1559 1217 1628 odpnersestebrietosflox
1230 1553 1384 1615 Hippocrati,

165 1695 174 1702 ι
248 1645 304 1684 sunt
323 1653 354 1686 ex
369 1637 442 1684 viriis
460 1634 518 1683 locis
536 1642 562 1680 et
577 1632 653 1679 verbis
671 1632 742 1678 Hom.
755 1632 797 1678 sed
831 1628 972 1676 medicorum
982 1627 1028 1673 deo
1039 1632 1064 1671 et
1073 1623 1170 1670 deorum
1181 1617 1279 1681 (quales
1291 1617 1385 1679 antiqui

248 1702 318 1748 verba
334 1699 372 1748 nul
382 1699 414 1749 τὰ
423 1697 512 1760 rossoil
531 1712 579 1743 non
599 1704 657 1758 puto
676 1711 730 1742 cum
748 1693 798 1744 δαέ-
831 1689 991 1754 Puganorum)
1002 1681 1235 1736 medicofamiliuria.
1262 1680 1323 1727 Fuit
1333 1696 1386 1727 cum

249 1781 319 1813 νυντο
325 1764 457 1827 jungenda,
473 1775 556 1808 verum
573 1757 696 1812 reserenda
706 1757 738 1805 ad
748 1756 798 1822 ᾷδε,
830 1762 939 1816 putarem
960 1751 1088 1816 legendum
1105 1744 1258 1805 πεπαυμένοι.
1277 1752 1308 1792 ut
1324 1754 1387 1792 esset

249 1829 313 1889 quod
328 1825 523 1888 subintelligitur,
540 1831 567 1869 ut
585 1823 648 1870 iaiia
660 1822 798 1884 variigene·
830 1819 896 1866 idem
912 1833 939 1866 ac
962 1813 1108 1879 κεκορημένοι
1126 1820 1152 1859 et
1170 1809 1239 1872 quasi
1261 1809 1327 1856 echo
1344 1809 1387 1855 dn·

248 1891 282 1938 ris
292 1898 463 1952 proponantur,
474 1903 527 1950 quae
546 1895 641 1934 cantare
652 1887 746 1940 debeat,
769 1885 799 1933 ad
832 1891 869 1930 ret
883 1881 919 1930 illi
936 1895 1076 1944 responsum
1094 1876 1196 1936 ἄσμενοι.
1215 1871 1310 1919 Tamen
1328 1871 1388 1920 nibil

250 1955 335 2017 epulus
354 1952 497 2020 spectantia.
516 1950 638 2012 προείδετο
657 1949 715 1996 Ali.
731 1949 800 1997 Junt.
832 1952 905 2001 muto,
923 1953 947 1993 et
966 1943 1070 1991 calidum
1087 1941 1186 1988 fortasse
1204 1935 1334 1983 nimiehoc
1349 1937 1387 1982 in-

251 2034 271 2068 1.
284 2033 352 2065 11.-
360 2019 479 2075 μασᾶσθαι
490 2013 550 2064 cod.
561 2015 649 2062 Venet.
663 2012 746 2059 Dino.
832 2017 938 2058 ventum.
966 2007 1109 2071 Conjectura
1126 2009 1218 2050 tantuin
1237 1999 1293 2062 tuit,
1305 1999 1331 2045 in
1341 2014 1388 2062 que

283 2085 356 2130 itte.
366 2081 483 2142 έκδρισθει
492 2092 534 2141 pro
542 2076 708 2141 ἐκορέσθησαν,
715 2074 801 2126 ἔκλυον
835 2073 903 2121 sicile
922 2073 1042 2121 aberrasse
1052 2083 1156 2129 ascopo,
1167 2065 1193 2112 in
1204 2078 1275 2126 quein
1287 2063 1388 2127 conjici·

250 2149 330 2190 nutem
340 2159 383 2206 pro
394 2143 495 2205 ἐξέλυον.
505 2142 590 2190 Beati.
834 2152 895 2185 nius.
927 2137 989 2184 Sane
1005 2134 1069 2181 enim
1088 2132 1179 2196 (neque
1189 2127 1245 2175 dolo
1256 2141 1301 2174 nec
1313 2127 1388 2174 ambi-

284 2210 357 2256 12⁵0.
379 2207 441 2268 Lege
459 2203 514 2268 κᾷτ’
529 2205 618 2262 ἤσθιον.
637 2203 719 2250 Beni.
745 2202 802 2266 κᾷτ’
833 2200 899 2248 tione
916 2199 982 2261 dico)
1001 2213 1084 2246 verum
1105 2195 1206 2254 vestigo,
1220 2205 1316 2251 ruspor,
1334 2205 1389 2253 per·

250 2270 340 2326 ἤσθιον.
371 2271 410 2317 Sic
421 2270 512 2330 liquido
523 2268 637 2329 scriptum
646 2267 672 2312 in
684 2269 713 2313 A.
727 2267 803 2314 Editt.
835 2271 926 2310 contor.
958 2263 985 2310 Is
999 2257 1186 2308 meusestlinie.
1219 2253 1342 2301 Caeterum
1355 2256 1391 2300 vi·

252 2348 344 2394 omnes,
351 2329 704 2396 praeternovissimum(Bergl.)
712 2330 803 2376 habent
835 2327 905 2373 detur
915 2324 973 2372 liuic
983 2325 1071 2386 versui,
1079 2331 1105 2370 ut
1110 2323 1247 2368 hexameter
1254 2318 1295 2380 sit,
1302 2319 1391 2366 deesse

251 2395 385 2453 turbatior.
402 2396 530 2442 'Mendam
550 2393 647 2440 sustulit
664 2391 801 2454 BergImue,
835 2388 933 2436 ultimus
954 2386 1082 2451 spondeus,
1101 2386 1169 2431 velut
1184 2381 1256 2430 οὕτως
1271 2391 1316 2430 aut
1332 2382 1392 2444 quid

253 2460 304 2507 sine
317 2460 370 2508 libri
390 2459 473 2508 veteris
490 2471 545 2518 ope,
564 2471 616 2518 quei
635 2454 730 2502 minime
751 2463 803 2503 erat
836 2451 921 2499 simile.
940 2450 984 2498 Fi.
997 2449 1065 2498 Cnn.
1087 2448 1163 2496 Vocis
1179 2444 1325 2504 πεπαυμένοι
1341 2455 1391 2492 tani

150 2531 153 2542 '
253 2525 395 2572 necessaria.
422 2522 534 2570 Sicilie:
553 2516 730 2583 ικᾷτ’ἥσθιον.
763 2518 803 2566 Ita
835 2515 994 2578 nudepositae
1014 2529 1084 2576 vagus
1099 2511 1172 2558 nimis
1189 2516 1227 2556 est
1244 2523 1340 2564 sensns,
1359 2525 1391 2556 ns

254 2587 364 2635 emendo.
398 2587 496 2641 Omnes,
513 2598 573 2648 quas
587 2582 645 2640 vidi,
659 2580 802 2639 καιήσθιον.’
836 2577 913 2625 dicem
931 2579 1018 2626 nullus.
1058 2577 1132 2624 Porro
1151 2573 1277 2622 si-verbo
1301 2572 1391 2635 θυρήσ,

254 2650 417 2700 Certissimum
444 2664 497 2697 esse
524 2646 714 2695 emendationem
735 2646 803 2693 evin·
836 2659 917 2698 συνπο,
931 2651 960 2691 ie*
970 2641 1102 2694 armabunt,
1112 2638 1172 2686 nihil
1183 2635 1214 2683 ad
1222 2637 1303 2700 gulnin
1322 2651 1395 2700 spec·

253 2715 295 2770 cit,
308 2731 356 2762 non
371 2713 461 2762 codicis
477 2727 531 2774 quae
549 2726 612 2758 nunc
632 2709 725 2757 secedit
746 2724 802 2758 auc·
836 2714 889 2754 tans
909 2705 1056 2767 subjecisset,
1073 2719 1120 2767 quo
1136 2699 1232 2764 Trygaei
1245 2699 1344 2762 ingenio
1363 2702 1392 2748 li-

255 2778 347 2834 toritas,
374 2779 417 2826 sed
445 2792 481 2824 rei
506 2777 567 2838 ipsa,
594 2787 678 2820 sensus
705 2781 731 2820 et
752 2789 802 2822 me·
836 2777 913 2830 δοιοῖς
930 2770 1019 2818 mirum
1036 2769 1062 2814 ni
1080 2781 1150 2830 greve
1164 2762 1392 2827 aliquod‚srosrtem

255 2849 323 2888 uum.
357 2841 397 2888 Its
428 2839 574 2888 scribendum
599 2851 652 2884 esse
679 2845 804 2884 monuerat
836 2841 895 2896 pute
913 2833 1126 2896 perfrictissinionn
1147 2829 1186 2878 vel
1206 2829 1233 2876 to
1255 2829 1392 2877 mentiendo

255 2904 328 2952 etiem
342 2904 440 2951 Dewes.
464 2901 574 2964 [Quippe
591 2901 686 2947 verbum
706 2901 744 2948 hic
762 2903 803 2948 ha·
836 2897 985 2947 securitatem
1002 2895 1040 2944 vel
1059 2893 1255 2957 inerniossaitem
1267 2897 1341 2953 atque
1353 2893 1393 2952 ig·

255 2966 412 3030 berioportet‚
424 2967 488 3028 quod
497 2967 532 3026 τῷ
537 2963 644 3013 δαίνυντο
652 2979 722 3010 sensu
731 2965 803 3026 equi·
836 2962 971 3010 annuntium
982 2960 1029 3008 sibi
1037 2959 1201 3022 exprobratam
1212 2955 1329 3004 continuo
1339 2969 1395 3003 sen·

255 3031 358 3090 polleat:
381 3033 407 3078 id
427 3029 492 3092 quod
508 3031 538 3078 de
555 3025 683 3086 κατήσθιον
693 3028 804 3090 (decore
838 3023 1032 3084 sissetellujue
1053 3037 1109 3070 vero
1129 3019 1221 3068 inventi
1237 3017 1336 3066 laudem
1356 3021 1395 3066 vir

253 3093 323 3156 hunt)
333 3093 472 3156 neutiquam
482 3093 531 3140 dici
544 3099 631 3155 potest.
653 3091 722 3144 Hanc
735 3106 805 3155 porro
838 3087 946 3136 eruditur
957 3087 1099 3156 conjectum.
1110 3099 1182 3148 quum
1192 3081 1330 3146 subjungit,
1339 3099 1393 3145 per-

255 3156 394 3220 scripturam
416 3155 481 3221 (κῇ
499 3157 565 3218 ilerd.)
584 3154 760 3218 exiguntque
779 3156 805 3204 in
838 3167 909 3214 quani
930 3152 1027 3200 inficeta
1044 3151 1095 3212 ipse
1115 3147 1292 3211 quodaminodo
1313 3148 1394 3194 imini-

255 3228 372 3282 sequente
385 3236 455 3284 versu
467 3221 584 3268 hebentm
598 3219 680 3277 ἤσθιον
698 3236 804 3282 κεκορεσ-
838 3216 906 3274 nuit;
917 3216 1083 3280 *conjecturem
1100 3213 1164 3274 dico,
1175 3227 1223 3274 qua
1238 3211 1395 3258 invenustum

255 3282 336 3344 μένοις
363 3285 454 3348 quippe
478 3286 528 3331 hec
547 3283 636 3346 locutio
657 3285 806 3334 tantumdem
837 3279 901 3326 istud
912 3279 985 3328 οὕτως
994 3293 1085 3325 versum
1096 3277 1222 3324 terminare
1235 3273 1322 3322 voluit.
1342 3273 1394 3322 Nos

256 3349 329 3404 valet,
347 3351 412 3411 quod
425 3347 556 3410 ἐκόρεσθεν,
572 3343 626 3410 κᾷτ’
638 3346 731 3404 lirini:
743 3346 806 3410 ejus·
839 3342 946 3392 lubenter
957 3345 991 3390 sic
1002 3341 1151 3404 scripsimus:
1170 3342 1192 3386 δ.
1206 3337 1229 3386 t.
1244 3335 1282 3385 έπ.
1301 3355 1395 3386 werno·

255 3411 311 3458 dem
327 3419 408 3458 intem
424 3411 549 3459 sententie
565 3411 731 3472 repetitionem
754 3415 806 3472 ipsa
838 3406 912 3465 μένοι.
942 3414 982 3470 Τρ.
1002 3404 1106 3466 ἅσμενοι.
1134 3401 1188 3451 εἷεν.
1222 3399 1322 3462 Nempe
1343 3403 1396 3464 ipsc

256 3473 304 3547 loci
325 3481 408 3521 natura
423 3474 534 3536 poenitat.
552 3471 670 3534 Dama]
700 3473 749 3530 Qui
766 3490 805 3520 so-
839 3471 885 3518 hoc
896 3471 967 3518 verbo
980 3467 1026 3518 eici
1037 3469 1100 3516 idem
1112 3469 1164 3528 jam
1179 3479 1251 3528 supra
1270 3469 1347 3514 12⁶⁰.
1359 3481 1395 3512 as·

256 3537 300 3582 nto
321 3537 414 3584 acutius
436 3539 473 3585 iic
501 3536 570 3590 vidit.
591 3537 691 3599 turpiter
711 3537 807 3600 lippivit
839 3549 936 3582 sensnm
950 3532 1101 3596 significavit.
1134 3530 1206 3578 Libet
1220 3536 1307 3576 tumen
1326 3529 1396 3575 uliam

256 3597 379 3660 Bergind
392 3599 500 3648 Αν.82δ.
524 3598 572 3648 Sed
580 3599 666 3647 bonam
676 3599 710 3646 ibi
723 3600 806 3649 lectio·
839 3599 969 3660 nonplane
982 3596 1240 3660 penitentem-versus
1256 3593 1398 3654 complendi

255 3677 312 3710 nem
321 3670 461 3724 reposuerat
478 3661 605 3718 Kueterus,
615 3663 654 3711 cui
664 3663 808 3726 obloquendi
840 3661 954 3710 rationem
969 3675 1104 3722 suggerere,
1123 3656 1229 3706 retentis
1240 3655 1319 3702 etiem
1337 3656 1397 3718 ipsis

254 3725 304 3774 fere
321 3726 411 3774 nullam
422 3725 569 3774 occasionem
578 3725 681 3790 negligit
692 3727 808 3774 Tianssil-
840 3725 942 3787 vulgate
952 3723 1063 3780 lectionis
1078 3721 1165 3775 verbis,
1173 3719 1268 3782 adjectu
1278 3717 1399 3766 duntaxat

255 3798 385 3838 venustet
395 3797 499 3838 veterem
508 3790 637 3837 lectionem
651 3789 807 3854 proculdubio
840 3785 1046 3850 ροοῑπεπαυμένοι
1065 3784 1180 3834 orationis
1195 3784 1306 3830 nondum
1324 3783 1397 3830 finite

255 3861 399 3908 revocasset,
421 3853 442 3900 si
461 3855 574 3900 mendam
594 3855 657 3916 prior
673 3854 809 3902 sustulisset
840 3860 904 3908 note,
916 3861 942 3898 ut
952 3853 1100 3914 intelligatur
1107 3845 1330 3909 scilicetTrygaeue
1341 3863 1398 3908 pue-

155 3925 157 3930 ’
256 3913 807 3982 Kistidnnncir.incipendaerosirroliipmmdr¹
840 3930 894 3962 rum
903 3909 1398 3978 interpellareacleniterreprehendere;

256 3981 346 4038 ἤσθιον.
363 3978 691 4044 Ταῦτ’(δε,-κεκορεσμένοι
708 3981 808 4030 Decies.
840 3979 908 4026 istum
930 3988 988 4042 pute
1006 3979 1031 4025 in
1049 3977 1165 4025 modumr
1192 3972 1341 4035 topiorum*
1363 3973 1398 4034 ἄρ’

216 4064 218 4069 ·
257 4043 329 4093 Misc.
341 4043 403 4094 crit.
414 4060 439 4108 p.
449 4049 506 4094 287.
518 4045 584 4092 ταῦτ’
596 4043 640 4108 ᾆδε
657 4043 758 4108 Zanelti,
770 4045 807 4096 Fl.
840 4039 921 4090 ἔπειτα
940 4040 1164 4104 πεπανμένοι-Τρι
1179 4037 1287 4098 ἄσμενοι,
1309 4035 1399 4086 erar

256 4105 428 4156 ClinDrno..
630 4141 632 4148 ι
839 4120 867 4153 nc
888 4108 906 4152 si
926 4105 1040 4154 dixisset:
1058 4105 1136 4154 Immo
1160 4101 1313 4161 πεπεισμένοι
1330 4116 1399 4156 cane,

281 4177 361 4220 inei.
379 4173 443 4233 Lege
451 4170 520 4221 ταυτὶ
531 4173 564 4219 δέ.
597 4172 674 4218 Immo
682 4172 748 4218 ταῦτ’
752 4169 804 4282 gie.
839 4184 887 4215 non
898 4163 1047 4230 πεπαυμένοι.
1059 4169 1166 4217 aniss.
1181 4161 1332 4224 πεπαυμένοι
1347 4166 1400 4212 scil.

255 4235 339 4282 Beni.
355 4237 421 4284 ταῦτ’
439 4234 488 4300 ᾆδε.
521 4235 561 4282 Ita
578 4235 617 4283 cd.
637 4235 724 4282 Farrei.
775 4251 806 4282 κ·
838 4235 882 4291 τῆς
900 4235 993 4296 ἐδωδῆς,
1015 4233 1081 4296 qnod
1101 4231 1251 4280 manifestum
1269 4237 1320 4276 est.
1361 4229 1400 4274 Sic

255 4305 314 4348 tere
348 4299 461 4361 antique,
497 4297 607 4356 ταυτάδε,
644 4299 708 4360 quod
743 4299 805 4347 nihil
838 4295 893 4344 libri
911 4313 1002 4344 omnes.
1028 4293 1146 4346 Florentii
1166 4293 1334 4356 conjecturam
1350 4308 1400 4340 ma-

254 4369 300 4434 est.
331 4361 430 4434 Nupera
440 4363 541 4424 (Kust.)
551 4363 625 4412 ταῦτα
637 4361 670 4425 δὲ,
682 4361 745 4424 quod
757 4363 804 4412 huc
837 4361 902 4408 ximo
915 4361 1011 4409 Daives.
1022 4361 1132 4424 proliavit
1140 4372 1220 4420 opere,
1231 4365 1259 4403 et
1270 4356 1400 4403 adstruere

251 4423 386 4478 nihilfecit.
413 4427 492 4488 Vulgo
511 4427 582 4486 male,
598 4428 674 4477 ταῦτα
689 4425 723 4477 δέ.
745 4426 798 4476 Cre·
837 4423 1151 4488 conatuiestrerrcrpr‘ioi,
1171 4435 1244 4485 quain
1262 4437 1323 4486 ego,
1341 4419 1397 4470 licet
