2904 4908
254 366 312 430 ιιι,
537 357 660 418 noun
679 357 723 416 nt
744 349 1086 416 sntsroensnsn:
1251 347 1305 426 [v.
1318 353 1384 412 ros.

255 517 433 568 nemetense
450 515 519 566 Coui.
530 524 580 566 not¹
595 519 620 566 in
631 517 702 580 Ajac.
713 533 736 564 r.
747 517 804 564 561.
836 517 861 560 et
871 511 956 562 Greoe
971 511 1124 566 doctissimus
1136 512 1255 576 negasset
1264 504 1385 579 particulas

255 581 396 648 Temperare
413 581 470 633 miti
489 597 591 646 nequeo,
612 582 670 646 quin
690 596 745 629 curu
760 579 804 626 illo
836 576 864 625 od
883 576 917 636 μὴ
932 591 987 624 cum
1004 590 1053 624 eor.
1065 579 1090 624 l.
1106 573 1172 686 Ἣ
1185 573 1272 648 formae
1293 585 1385 644 passere

256 647 352 696 homine
369 647 525 710 pausaverba
541 651 692 694 commutem.
725 643 742 673 ⁴‘
755 643 803 692 Dic
837 640 950 696 construi,
967 639 1031 703 quod
1041 647 1069 687 tu
1078 639 1116 687 illi
1173 637 1243 700 ngrs?
1271 634 1385 707 Saneiiie

256 711 325 768 mihi,
361 712 453 768 amabo,
494 710 657 760 Cusnresntr
690 709 804 756 Priores·
836 703 976 752 cumverbis
990 703 1101 752 omnibus
1110 703 1213 767 passivis
1226 706 1337 748 construi
1351 697 1387 745 de

256 790 313 832 son,
330 775 448 824 undenum
461 775 566 822 recinisti
583 791 619 822 nie
634 771 804 823 demtionem
837 769 904 826 bant,
918 784 1018 832 quorum
1028 776 1107 816 umen
1117 767 1195 815 multu
1205 765 1298 813 aon-isto
1312 777 1387 810 sccun-

257 839 360 900 edidisse
379 855 411 888 er
427 839 522 887 anes.
544 839 649 901 legibus?
676 835 805 901 ignorabas
837 833 869 880 do
885 848 979 897 prorsus
994 839 1090 880 carent:
1109 845 1208 879 necesse
1226 835 1268 877 est
1285 842 1351 891 ergo,
1365 833 1389 872 ut

256 903 338 966 utique
357 904 414 967 quid
427 918 465 952 me
481 903 636 966 permovisset
651 901 803 950 adeamlec·
837 896 939 960 primum
956 897 1097 945 ιιιίκὶισιιιῐ.
1133 895 1249 958 Denique
1269 890 1389 939 videamus

256 967 345 1015 tionc'm
356 967 552 1030 amplectendum.
573 967 669 1024 Quanto
678 965 719 1012 tibi
730 965 804 1012 satius
836 961 862 1009 in
873 969 929 1009 nota
938 963 967 1010 ad
977 961 1086 1009 Trachin.
1102 975 1151 1023 quo
1166 973 1212 1006 uos
1228 971 1314 1006 rursus
1329 956 1388 1003 abie-

256 1031 362 1080 eretmei
378 1046 426 1078 uon
442 1031 585 1086 meminisse,
601 1046 672 1094 quem
686 1044 750 1078 meas
767 1043 804 1078 ra·
837 1041 886 1090 gns,
898 1025 996 1074 meliora
1013 1025 1045 1073 sis
1062 1039 1108 1082 nos
1117 1025 1256 1072 edocturus.
1289 1019 1389 1068 luisse.

256 1095 334 1143 tiones
354 1104 442 1144 temere
455 1095 488 1142 sic
506 1095 629 1142 hariolari!
654 1095 719 1142 Scias
734 1093 803 1140 velim
837 1091 915 1138 medio
933 1090 957 1137 in
972 1097 1101 1153 systemate
1119 1088 1269 1151 anapaeetico
1285 1086 1389 1147 leguntur

255 1159 281 1206 in
298 1168 398 1221 quatuor
414 1160 534 1208 codicibus
552 1159 655 1206 melioris
671 1165 733 1206 note
750 1159 804 1206 deo·
836 1154 863 1202 hi
872 1170 966 1202 verseu:
985 1155 1013 1201 ot·
1021 1153 1055 1213 μὴ
1065 1152 1176 1216 ’ξιγείρῃς
1192 1152 1237 1200 τὸν
1248 1150 1313 1210 ὕην
1324 1147 1389 1198 ndro-

256 1223 398 1274 πεύσοιισιν
413 1239 476 1272 ame
488 1223 559 1270 fuisse
570 1232 694 1285 repertum,
706 1238 805 1285 quorum
836 1235 890 1281 χον,
912 1217 917 1284 Ι
937 1217 1087 1282 chesnio-pe,
1104 1215 1267 1280 κᾶνσιπήσῃς.
1305 1213 1390 1261 Peioris

256 1289 373 1351 scriptura
389 1289 455 1350 leges
472 1288 527 1334 illes
536 1287 805 1349 Dawssianas,quastu
836 1284 945 1331 versiculi
975 1291 1109 1346 corruptum
1137 1289 1243 1329 metrum
1269 1278 1390 1352 manifesto

256 1367 287 1399 ne
306 1353 401 1415 quidem
419 1353 538 1413 intelligis,
555 1353 683 1399 confirmet.
722 1352 751 1398 ln
764 1350 804 1399 A'.
837 1348 941 1396 ostendit
950 1347 1058 1395 vitiosam
1069 1362 1122 1394 esse
1139 1346 1279 1393 lectionem.
1310 1343 1389 1389 Serum

257 1420 313 1464 ⁵6⁰.
339 1369 803 1478 ιιῦτοισ”ι1χσιῶν,οἷὸα,μήτιςὺβρ1-
837 1411 904 1474 pueri
924 1412 965 1475 qui
980 1411 1085 1458 nondum
1103 1426 1149 1457 aere
1166 1411 1289 1463 lavantur,
1311 1417 1389 1464 seete

257 1497 303 1528 σει.
335 1480 374 1528 Sic
384 1481 410 1527 in
421 1495 468 1528 uno
478 1480 539 1528 Cod.
555 1481 679 1544 perspicue
690 1481 804 1543 scriptum
836 1475 1245 1539 perpetuonlibrariisconrmutata
1254 1474 1338 1522 fuisse.
1354 1471 1389 1518 Tu

256 1543 391 1655 :sitiit
399 1543 804 1671 dtsstdig‘ttttt‘tttttti·
836 1538 1390 1668 {tinti'titttttitsttiffl„tit

594 1645 600 1655 σ
795 1635 804 1646 ”
1286 1638 1294 1662 '

255 1679 294 1718 tus
304 1671 382 1734 giosse
392 1671 507 1735 ἅτιμλσει,
514 1689 565 1736 quae
572 1673 695 1720 manifesto
702 1673 731 1720 ud
739 1671 804 1736 tept-
836 1670 944 1730 ’ξεγερεῖσ
954 1669 995 1717 τὸν
1007 1668 1069 1730 ὕπνῳ
1079 1667 1191 1729 κάτοχον,
1211 1669 1216 1731 Ι
1236 1663 1390 1721 κόιικινὴσεισ,

254 1751 291 1784 σει
308 1736 414 1792 refertur.
428 1752 476 1784 non
493 1746 572 1785 autem
588 1737 618 1784 sd
636 1736 726 1800 ὑβρίσῃ.
750 1737 804 1800 Age
837 1732 1000 1791 κάνσσιὴσεις.
1014 1733 1083 1780 uobis
1093 1743 1159 1781 tuum
1168 1731 1290 1778 somnium
1301 1743 1388 1784 narres,

251 1798 300 1862 jam
311 1799 441 1864 videamus,
458 1801 516 1862 quid
533 1804 563 1848 ad
581 1816 636 1849 eum
650 1802 737 1857 locum.
756 1817 804 1866 qno
835 1797 869 1857 μὴ
879 1799 974 1863 ’γείρῃς,
991 1797 1055 1860 quod
1065 1813 1081 1844 a
1091 1797 1163 1846 veteri
1173 1795 1281 1844 lectione
1298 1795 1390 1856 longius

255 1879 299 1911 uos
317 1865 436 1920 amandes,
459 1866 562 1927 ungeris.
607 1865 706 1912 ‘Etiam
723 1866 747 1912 in
767 1867 804 1914 hie
836 1864 911 1926 abest,
931 1877 1065 1925 ¹nervosque
1086 1861 1187 1909 abscidit
1207 1860 1289 1919 verbo,
1313 1859 1390 1906 dmuts

255 1927 368 1976 somatum
378 1929 480 1992 primum
490 1929 661 1992 subjunctivum
673 1931 749 1978 locum
761 1931 804 1977 ha·
836 1927 1001 1990 praepositione
1012 1928 1107 1975 minime
1116 1926 1156 1973 hic
1168 1933 1278 1973 vacante.
1302 1923 1389 1971 Emen-

256 1992 311 2040 bere
328 2001 394 2042 vetat
404 1993 442 2042 ct.
454 1993 549 2040 Dawes.
560 1993 633 2040 Misc.
643 1993 703 2041 Crit.
714 2009 738 2056 p.
746 1998 803 2044 222.
837 1991 958 2039 dationem
973 1991 1039 2038 illam
1057 1990 1156 2052 recipiet
1175 1989 1265 2037 dehinc
1283 1987 1388 2052 quiaquia

255 2066 280 2104 ct
291 2058 375 2120 probat
388 2057 425 2106 Ci.
437 2057 541 2104 Brunclr.
574 2057 621 2104 Sed
641 2058 804 2120 exceptionem
836 2055 880 2102 erit
890 2071 948 2102 seua
964 2063 1042 2103 mente
1059 2056 1131 2118 Soph.
1149 2053 1246 2101 editor:
1263 2061 1299 2109 et,
1320 2053 1388 2100 erede

254 2123 345 2168 nullam
370 2122 457 2170 aoristo
479 2122 572 2184 passivo
592 2120 709 2169 concedit.
747 2123 804 2170 Non
836 2117 901 2176 mihi,
917 2120 955 2167 ler
974 2119 1069 2168 Danes.
1084 2118 1184 2182 rigebit,
1208 2116 1328 2180 quamdiu
1344 2131 1389 2163 non

254 2187 393 2234 meminerat
410 2185 501 2234 scilicet
520 2185 545 2233 in
566 2185 622 2233 (Ed.
638 2185 696 2250 Tyr.
724 2187 751 2234 οὐ
771 2187 805 2246 μὴ
837 2181 866 2231 ab
884 2183 940 2240 alio,
958 2199 1027 2248 quam
1046 2200 1061 2232 a
1079 2193 1111 2240 te,
1134 2183 1326 2254 impugnabituu.
1358 2181 1390 2229 Ut

253 2254 380 2362 ntttt·
393 2250 751 2376 lfttttttitttitt‘:
765 2253 803 2364 132
836 2246 1391 2375 :ittuntttzttbttttttttittn
1439 2291 1440 2300 ¹

253 2393 320 2424 versu
332 2385 409 2426 autem
417 2379 526 2426 Trachin.
536 2383 592 2428 996.
603 2379 630 2427 οὐ
641 2378 674 2438 μὴ
684 2379 802 2444 ’testim
836 2377 910 2442 dicto,
927 2378 948 2425 si
956 2377 1033 2426 codd.
1041 2378 1156 2426 lectiones
1166 2377 1313 2423 adnotavere
1322 2389 1390 2436 rego·

253 2441 296 2489 ubi
312 2441 351 2490 Cl.
367 2443 402 2490 vir
420 2443 499 2505 legere
515 2443 586 2506 jubet
603 2444 629 2492 σύ
644 2441 803 2508 μὴ’ξεγερεῖς.
836 2441 885 2488 lam
913 2442 1040 2499 firmantes,
1065 2443 1144 2503 locum
1165 2440 1250 2488 solutae
1277 2439 1390 2486 orationis

252 2505 285 2552 V.
294 2513 345 2554 not.
355 2506 386 2554 ad
396 2506 490 2555 locum.’
525 2506 637 2556 Nondum
648 2523 693 2556 nos
703 2509 805 2557 docuisti
836 2506 956 2568 scriptoris
973 2522 1110 2570 proponam,
1125 2508 1152 2554 in
1170 2521 1218 2568 <1¹1⁰
1239 2505 1289 2552 (1¹10
1307 2503 1390 2551 itidem

254 2571 381 2631 particulas
391 2571 418 2619 od
428 2573 470 2632 μὴ,
486 2587 535 2635 qua
543 2574 596 2634 lege
606 2580 648 2620 aut
657 2587 705 2636 qna
713 2573 804 2622 ratione
836 2571 901 2617 modi
914 2570 1043 2634 conjuncti,
1060 2580 1087 2618 ut
1101 2571 1126 2617 in
1142 2571 1220 2634 primo
1232 2585 1247 2617 e
1257 2569 1333 2630 soph.
1348 2583 1388 2614 er-

254 2650 307 2682 eum
322 2652 370 2684 eor.
381 2641 405 2686 1.
416 2637 475 2701 subj.
485 2637 552 2685 vocis
565 2637 649 2684 activae
667 2646 804 2686 consuman-
836 2635 924 2698 empto,
942 2637 984 2699 qui
994 2636 1077 2683 itidern
1086 2635 1149 2683 male
1161 2635 1233 2696 vulgo
1246 2633 1389 2681 consumtus
1438 2685 1439 2702 χ

252 2708 306 2759 tur;
320 2707 515 2763 necargumentn
526 2701 747 2765 Dewes.adtigisti,
760 2718 803 2750 ne·
836 2706 881 2756 est,
898 2713 1015 2763 quemque
1025 2700 1107 2748 itidem
1120 2716 1134 2747 e
1149 2699 1226 2746 veteri
1235 2699 1299 2746 libro
1309 2712 1388 2744 emen-
1438 2713 1439 2764 p

252 2761 310 2810 dum
328 2780 358 2813 ea
376 2765 524 2814 convelleris.
564 2766 613 2813 Sed
629 2765 685 2832 quid
706 2766 750 2813 tibi
766 2766 803 2815 vis
836 2762 906 2811 dabo.
941 2764 1038 2812 Initium
1070 2772 1107 2812 est
1130 2763 1260 2825 fragmenti
1292 2761 1387 2808 Droso-

254 2837 360 2876 cumtua
378 2829 519 2891 exceptione
535 2843 584 2878 eor.
600 2829 802 2893 sub'.vocispas-
837 2841 914 2875 uenis
955 2829 1134 2876 Prrnsoonrer
1167 2827 1234 2890 apud
1265 2826 1337 2874 Stob.
1362 2841 1386 2887 p.

252 2891 327 2940 musei
354 2891 441 2939 Nonne
451 2893 511 2940 illud
525 2901 570 2950 est,
586 2845 652 2956 quod
665 2895 737 2942 modo
753 2895 803 2943 nie·
835 2896 892 2941 251.
908 2894 1016 2954 quodsic
1035 2893 1227 2956 legendumest:
1254 2888 1386 2941 utend-

251 2955 314 3010 bam,
328 2964 353 3004 te
364 2957 459 3004 Danas.
469 2957 534 3019 leges
553 2959 694 3021 nequidem
710 2959 802 3008 intelli·
834 2973 882 3014 μσς
900 2955 943 3004 oinc
959 2959 985 3005 tv
1000 2956 1111 3018 οἰκήμασι
1127 2955 1166 3005 καὶ
1184 2955 1319 3018 θνρύμσσισ
1334 2955 1387 3010 ἐσῆ-

251 3021 324 3081 gere?
352 3020 465 3068 Nemilie
482 3021 507 3068 in
523 3023 618 3085 egregio
632 3023 674 3071 ilia
690 3024 801 3072 observa·
834 3021 932 3081 μενδεῖ,
956 3021 1012 3070 ἁλλ’
1029 3024 1055 3071 ἐν
1072 3023 1123 3070 τοῖς
1138 3018 1236 3079 indicunt
1251 3023 1303 3068 τῶν
1323 3028 1386 3067 πσλι-

251 3084 316 3132 tione
334 3085 366 3132 ad
382 3085 514 3138 1111111866.
533 3089 564 3134 de
575 3102 639 3144 *voce
658 3088 754 3150 passiva
770 3105 801 3136 ne
834 3084 971 3145 σευομένων.
987 3086 1023 3136 τίς
1033 3085 1065 3134 ὣν
1075 3085 1139 3150 ἀρχὰ
1148 3085 1272 3134 πολιτείας
1283 3082 1387 3142 dadum

250 3149 349 3197 verbum
366 3151 463 3212 quidem
480 3150 544 3198 iecit.
576 3151 712 3215 Sed‚paulo
731 3153 801 3210 infra,
834 3149 892 3198 νέων
901 3148 986 3212 τροφέ.
1020 3157 1059 3200 otr
1073 3151 1121 3215 ’γὰρ
1137 3157 1183 3200 ΜΗ
1200 3149 1266 3198 redeo
1281 3149 1387 3209 σδνιισσ-
1437 3145 1438 3162 ’

250 3213 344 3262 scilicet
363 3230 388 3278 p.
398 3219 456 3264 229.
469 3215 509 3262 ubi
520 3215 550 3262 de
562 3215 729 3278 particularum
740 3216 801 3267 ὅπως
833 3213 878 3263 τὸν
898 3213 1039 3278 dunuipopon
1059 3215 1160 3277 ἀμπέλω
1185 3219 1390 3274 rennuenti,

247 3277 291 3342 μὴ,
307 3293 406 3341 querum
426 3281 508 3326 eadem
531 3289 568 3326 est
587 3280 658 3336 ratio,
680 3290 800 3331 construe·
833 3278 865 3339 μὴ
875 3283 1057 3343 φντοτροφεΐσιιι
1073 3283 1160 3342 καλῶς,
1176 3281 1246 3328 O'rA'
1263 3280 1335 3328 inor
1346 3284 1388 3325 ΜΗ

246 3343 313 3390 tione
339 3344 396 3406 egit,
412 3344 462 3392 iraec
489 3344 577 3392 hebet:
605 3345 692 3392 ‘Ideni
711 3347 802 3396 dietum
833 3341 895 3392 edm
908 3350 1057 3398 mnnn'rnt
1067 3343 1324 3407 καλιι1,σοιλοτροφ1σν
1334 3361 1389 3405 σαρ-

247 3415 306 3468 puta
322 3410 352 3456 de
370 3410 444 3457 altero
459 3407 595 3456 vocularu'm
609 3409 660 3472 pari
678 3415 718 3458 OY
737 3411 801 3460 Mis?
835 3409 906 3458 ἐνσες.
945 3409 1025 3457 Latini
1049 3411 1120 3457 etiarn
1147 3409 1279 3472 scriptores
1301 3407 1391 3469 dupliu'

247 3471 287 3518 Et
297 3487 367 3520 mur:
398 3472 529 3535 ‘legitime
547 3473 642 3534 quidem
659 3476 803 3524 construitur
834 3474 959 3537 negatione
968 3489 1032 3521 more
1041 3473 1176 3522 Graecorum
1185 3481 1295 3522 utuntur.
1313 3472 1389 3520 Plaut

246 3537 333 3584 vocula
343 3536 413 3592 ὅπως,
423 3537 495 3584 altera
506 3538 539 3597 μὴ
556 3538 594 3584 vel
608 3539 694 3586 comite
703 3541 743 3586 vel
758 3541 801 3589 ab·
834 3537 905 3600 Epid.
919 3554 943 3584 v.
954 3542 977 3586 1.
988 3542 1028 3586 57.
1046 3546 1143 3602 ‘neque
1154 3538 1198 3584 ille
1212 3539 1278 3584 haud
1295 3536 1391 3600 objiciet

248 3609 324 3656 sente,
339 3617 402 3654 ‚cum
423 3602 509 3648 noristo
530 3602 636 3650 secundo
655 3602 736 3650 sotmae
761 3605 800 3653 vel
833 3602 892 3649 mini
905 3599 911 3665 Ι
924 3602 1025 3664 pedibus
1039 3618 1090 3651 sese
1101 3602 1274 3666 provocatum!
1301 3601 1390 3648 Bacch.

248 3665 331 3712 activus
342 3667 380 3712 vel
397 3665 490 3722 medie,
508 3665 543 3712 uti
556 3674 643 3714 etcum
654 3669 740 3716 aoristo
751 3669 801 3731 pri·
833 3666 865 3715 iv.
875 3671 900 3716 9.
910 3671 966 3718 11⁴.
994 3666 1095 3729 ‘Neque
1103 3683 1148 3730 ego
1157 3667 1221 3712 hund
1233 3666 1389 3721 committam,

247 3743 286 3775 uno
305 3729 421 3792 paesivae.'
452 3729 575 3778 Postrema
589 3730 641 3779 haec
660 3739 710 3779 tam
727 3734 757 3780 de
774 3734 801 3782 οὐ
832 3731 896 3793 utsi
914 3732 971 3794 qnid
986 3740 1110 3794 peccatum
1126 3732 1182 3786 siet,
1200 3728 1206 3794 Ι
1226 3729 1316 3777 iecisse
1327 3730 1390 3777 dices

246 3793 287 3853 μὴ,
312 3796 430 3856 quamde
451 3792 512 3844 ὅπως
531 3794 563 3854 μὴ
584 3809 617 3842 ex
631 3795 728 3844 Dawes.
745 3812 800 3845 sen·
833 3796 863 3842 de
875 3810 928 3843 nien
941 3795 1074 3844 sententia)
1106 3795 1203 3844 Terent.
1214 3793 1389 3843 Andr.i.2.r.

246 3860 320 3906 tentia
336 3858 492 3923 intelligenda
506 3875 557 3908 esse
574 3859 634 3908 adeo
648 3859 799 3912 manifestum
833 3861 878 3906 ult.
894 3859 1130 3908 ‘Netemereiaeian
1147 3859 1388 3922 Nequetuhauddi·

246 3931 291 3980 est,
302 3931 328 3970 ut
337 3924 384 3972 Th.
393 3925 508 3986 Burgms,
516 3925 557 3988 qui
568 3940 659 3972 summa
668 3942 721 3974 cum
731 3926 800 3975 laude
832 3923 922 3972 cestibi
929 3939 977 3972 non
986 3925 1131 3988 praedictum.
1149 3922 1234 3973 Cave?
1241 3923 1257 3946 '’
1267 3924 1388 3972 Banucs.

247 3987 432 4050 Dawes.ope1is
450 4004 534 4035 novam
555 3987 595 4036 ed.
614 3990 745 4048 adornavit,
761 3991 799 4038 bi·
831 3990 878 4037 τῶν
893 3988 1056 4052 ψηφισμάτων.
1088 3987 1178 4036 Versus
1189 3989 1327 4052 supplendi
1336 4003 1387 4052 gru-

245 4067 289 4110 nas
306 4053 485 4102 observationes
504 4053 529 4099 in
551 4053 630 4102 iudice
651 4055 800 4119 conjunxerit
826 4053 864 4101 'tia
881 4069 910 4101 ex
928 4055 990 4102 Mes.
1007 4053 1144 4102 addendum
1164 4061 1202 4100 est
1223 4051 1327 4102 noser.
1358 4052 1387 4098 V.

244 4116 284 4163 his
301 4117 392 4166 verbis:
408 4114 425 4146 '‘
437 4123 477 4167 0‘1'
487 4123 532 4165 ΜΗ
542 4133 591 4164 nou
601 4117 646 4165 nisi
657 4135 711 4168 cum
720 4121 798 4168 futuro
831 4118 903 4166 etiam
913 4117 981 4166 Snid.
991 4133 1015 4165 v.
1024 4115 1257 4181 ἀπσσρσχηλίζσνσες
1269 4125 1297 4165 et
1311 4135 1334 4164 r.
1344 4121 1387 4178 ᾑ-

243 4179 368 4254 indicativi
381 4184 417 4231 vel
430 4198 482 4230 curn
499 4179 586 4228 aoristo
602 4183 675 4230 altero
687 4184 797 4248 subjunc-
831 4182 938 4245 popuplus,
957 4184 997 4230 ubi
1007 4185 1054 4232 loci
1065 4183 1136 4247 hujus
1154 4182 1275 4231 meminit.
1306 4183 1388 4230 liner.

243 4247 385 4302 tirractivae,
393 4247 431 4294 vel
443 4245 531 4293 nuristo
540 4246 616 4309 primo
626 4248 799 4310 pussivaevocis
830 4247 928 4297 reiron.
961 4247 1031 4298 Hauc
1052 4263 1136 4296 nocem
1151 4247 1244 4295 addidit
1262 4247 1338 4296 Kuet.
1359 4262 1388 4292 er

240 4309 402 4358 construitur?
435 4310 467 4358 V.
483 4309 535 4372 jam
549 4326 617 4372 quarn
630 4313 798 4364 beneDewes.
830 4311 901 4370 Mes„
914 4320 941 4360 ut
959 4315 1000 4362 sit.
1034 4313 1078 4360 Est
1098 4324 1178 4360 autern
1199 4313 1338 4360 necessaria
1357 4313 1387 4356 ad

244 4372 434 4432 reprehenderis:
453 4375 501 4456 plui
511 4383 591 4424 autem
602 4375 636 4424 vir
646 4377 797 4430 acutissimus
830 4379 1029 4442 complementum
1040 4393 1132 4427 vernus.
1148 4377 1234 4426 Bene.
1250 4376 1327 4424 Frob.
1343 4379 1387 4438 ψη-
1434 4393 1435 4444 p
