2914 4904
165 535 169 544 .
243 387 283 506 re
540 439 664 502 noun
682 440 726 500 rs
749 435 1083 500 anmmrnansn.
1175 427 1382 512 [νσοσ-οοσ.

243 608 373 650 versuum:
390 599 645 662 rennuentem.
671 601 795 649 Utautem
830 597 978 660 disnnguant
1001 602 1056 658 post
1077 591 1163 649 Βανλθι,
1193 598 1220 638 et
1239 589 1380 650 intelligunt,

242 665 331 726 βληχὸ
341 665 439 718 verbum
448 672 486 712 est
500 665 530 712 lla
547 665 650 728 itioaum,
667 666 702 713 sic
713 665 796 726 Opera
829 661 886 710 ίίσον
896 661 926 708 σίν
935 663 979 718 τῆς
989 658 1081 723 θεωρίας
1092 656 1169 719 ζωμὸν
1178 663 1225 703 etc.
1241 655 1294 718 Ego
1311 653 1381 712 malo,

243 728 508 790 et'l‘treorls,imoetE
584 729 796 778 nominaruntaut
828 725 929 787 μακαρία
949 726 994 781 τῆς
1015 723 1117 786 θεαρίας.
1146 722 1188 770 rr.
1207 719 1277 768 Cen.
1320 718 1380 780 Lege

260 791 480 839 restibulorumaut
497 794 632 842 amicarum.
665 793 796 856 Sophocles
828 790 906 846 βουλὴ
918 787 956 838 σθ.
968 789 1050 835 Bssr.
1084 787 1149 850 Lege
1160 783 1382 845 βουλὴσίνρτορςετ

242 809 363 902 i'heorida
380 863 483 902 scortum
500 858 597 920 amavit,
615 865 641 904 et
652 857 732 919 Opora
748 857 797 904 suit
828 861 939 900 metrum.
971 853 1046 900 Pone.
1079 851 1109 900 σὺ
1134 848 1213 906 Booti
1241 847 1293 894 “ld-
1324 845 1382 892 Ral-

243 920 332 981 ἑταίρα,
343 919 409 982 cujus
420 921 515 968 nomine
525 922 631 968 fabulam
641 920 724 968 docuit
736 920 797 968 Ale·
830 917 912 965 Dran.

243 985 278 1030 xis
289 993 315 1030 et
326 983 467 1031 Plutarchus
483 984 577 1031 Irenaru
594 989 713 1047 quandam
724 985 797 1032 θσελ-
862 985 919 1030 766.
936 980 993 1030 ὅσον
1002 979 1112 1042 pupione
1123 975 1207 1038 ζνμθν.
1219 975 1288 1022 Forte
1297 991 1381 1033 κακερ-

240 1047 371 1108 γαίναοσαν
387 1057 499 1095 recenset
517 1049 559 1096 lib.
569 1049 601 1095 ri.
623 1049 654 1095 de
671 1048 798 1096 virtutihus
832 1044 929 1106 φάταςς
947 1061 1000 1092 narn
1013 1061 1034 1091 r.
1046 1049 1102 1094 850.
1114 1041 1240 1090 de-eedern
1251 1041 1295 1085 hac
1305 1039 1383 1085 Theo·

241 1111 335 1158 mulier.
369 1111 435 1166 Quin
444 1120 470 1158 et
480 1112 627 1160 Ptolemaeus
642 1112 797 1173 Philadelphi
830 1110 873 1170 ria,
889 1108 933 1157 τὸν
950 1107 1027 1170 ζωμὸν
1047 1109 1119 1166 uir-ir
1144 1104 1279 1178 ίκλάψεραι.
1300 1103 1385 1150 Bene.

241 1173 337 1224 irenam
347 1175 431 1222 habuit
438 1175 539 1224 amicam
548 1184 698 1224 constantem
708 1185 733 1223 et
742 1193 797 1224 σνν-
830 1171 907 1232 suph
915 1173 1006 1237 ἡμερῶν
1013 1176 1090 1236 τριῶν.
1106 1171 1170 1228 Quia
1179 1170 1204 1216 in
1213 1168 1316 1215 tnduum
1326 1181 1382 1226 sup·

241 1238 443 1295 αποθνίισςοοσαν.
478 1239 556 1288 litium
572 1242 597 1286 in
615 1241 797 1288 Constitutioni·
831 1237 971 1297 plicationes
998 1237 1095 1284 decerni
1125 1234 1243 1282 solebant.
1265 1232 1387 1278 Brunca.

241 1303 287 1350 bus
294 1302 456 1365 Imperatoriis
461 1303 523 1365 Imp.
530 1303 606 1352 lseaci
611 1302 711 1364 rugeli,
718 1303 759 1355 ubi
765 1304 797 1350 de
828 1299 927 1361 ῥοφήσει
937 1301 1021 1348 Elmsl.
1032 1301 1064 1348 ed
1072 1299 1177 1346 Acheru.
1187 1301 1259 1360 p.93.
1266 1296 1308 1342 ed.
1321 1294 1387 1356 Lipe.

242 1367 333 1428 nuptiis
353 1367 448 1428 septimi
475 1367 561 1428 gradus
588 1367 672 1428 agitur,
700 1367 796 1414 irenem
830 1362 916 1410 Druu.

242 1430 317 1476 habes
334 1429 487 1490 Imperatoris
507 1445 618 1484 sororem,
641 1444 694 1490 quae
714 1431 796 1491 nupsit
830 1463 835 1470 -
861 1431 919 1476 761.
934 1424 1025 1475 κατίθεν
1061 1427 1100 1474 Sic
1115 1426 1176 1473 bene
1193 1422 1349 1486 scriptumin
1360 1421 1390 1468 Β.

239 1491 327 1540 Joauui
336 1493 501 1540 Cautacureno
511 1492 608 1548 Caesari,
626 1507 680 1555 quar
690 1493 796 1541 fortassis
828 1489 951 1554 Perpetem
964 1492 1034 1553 vulgo
1045 1488 1140 1552 κατίθρ.
1165 1487 1296 1538 V.uot.ad
1308 1487 1389 1534 Cone.

240 1555 512 1610 esdem,cumsnlutum
521 1562 585 1603 esset
594 1569 691 1618 propter
701 1565 795 1604 aetatem
828 1558 885 1604 696.
905 1556 1025 1602 Bauser.
1057 1553 1167 1614 χάλικας.
1212 1551 1298 1599 Cressa
1332 1558 1391 1597 sunt

241 1618 425 1673 matrimonium.
441 1619 487 1667 rite
501 1619 630 1682 conjuncta
648 1629 732 1683 postea
748 1621 796 1668 tuit
828 1617 901 1665 boum
912 1619 1031 1674 intestina,
1043 1632 1096 1679 qne
1106 1631 1154 1664 non
1162 1615 1324 1663 sacrificantur
1333 1629 1391 1660 cunr

239 1682 375 1738 Theodoro,
395 1683 432 1730 uti
447 1683 472 1729 iu
482 1684 648 1732 sanctionibus
664 1685 796 1732 Pontificiis
827 1681 920 1745 reliquo
926 1697 1032 1746 corpore,
1042 1696 1095 1742 quae
1106 1689 1131 1728 et
1142 1677 1254 1741 χολάδες,
1271 1679 1308 1724 vel
1320 1677 1390 1739 παρὰ

239 1744 379 1794 Theodorus
392 1748 491 1794 censuit.
516 1747 597 1794 Nimis
606 1749 684 1798 multa,
691 1747 796 1796 fortassis
828 1745 874 1802 τὴν
883 1745 963 1807 χθσιν,
973 1746 1012 1792 vel
1023 1745 1079 1808 quia
1089 1744 1343 1792 secundumneturnm
1356 1757 1390 1787 re·

239 1810 270 1858 de
282 1811 320 1858 his
330 1809 469 1866 dictasunt,
486 1825 539 1872 que
551 1811 796 1866 lectoreruditusnon
829 1808 922 1871 cipiunt
930 1809 959 1857 τθ
968 1811 1074 1870 χολῶδες
1083 1809 1126 1856 τοῦ
1135 1808 1233 1866 ἥπατος.
1257 1805 1310 1852 Hac
1323 1805 1390 1851 enirn

242 1873 406 1931 moisiacien
422 1874 483 1920 mihi
501 1876 608 1938 quidem,
630 1890 687 1922 uere
709 1875 796 1931 dicam,
829 1874 928 1919 confluit
945 1874 1007 1920 fleus
1025 1871 1092 1925 hilis.
1112 1870 1175 1918 unde
1196 1872 1270 1931 hepar
1285 1870 1391 1929 χολαῖον

239 1937 562 1986 ιοαςοῑίοίααίο.Εα.οκνς.
595 1939 708 1986 AElianus
720 1939 798 2000 Epist.
830 1934 924 1984 dicitur.
973 1937 1033 1983 Sunt
1053 1935 1096 1996 qui
1111 1949 1186 1997 genus
1205 1933 1278 1995 piscis
1296 1930 1389 1994 χθλικα

240 2006 266 2050 7.
276 2016 330 2064 que
346 2011 384 2049 est
400 2001 508 2065 Dercylli
528 2002 559 2050 ad
570 2002 673 2065 Operam
691 2005 797 2058 meretri-
829 2007 924 2061 putent.
945 1999 1011 2048 Suid.
1029 2000 1063 2047 eit
1078 1997 1150 2060 χόλιξ
1166 1998 1282 2046 feminino
1299 2011 1388 2057 genere

241 2081 303 2121 uem,
318 2067 362 2124 τῆς
377 2065 484 2126 Ὀπώρας
500 2065 542 2114 οθν
558 2065 691 2115 κατελάσας
706 2065 731 2114 τί
748 2065 796 2114 dir·
831 2062 991 2119 ddrrxdresse,
1002 2063 1047 2112 sed
1059 2071 1117 2124 puto
1126 2062 1245 2126 respicere
1257 2059 1287 2108 ad
1299 2060 1389 2108 Choli-

241 2133 282 2178 κθ.
314 2129 421 2190 Uterque
438 2130 502 2177 ludit
514 2131 539 2177 in
558 2131 718 2192 homonymis.
736 2130 797 2178 Ver·
830 2127 882 2182 das,
891 2130 1005 2190 populoru
1016 2126 1142 2175 Leontidis
1153 2126 1236 2180 tribus,
1250 2132 1278 2172 ut
1286 2124 1322 2171 ait
1333 2125 1386 2172 Ste·

241 2193 296 2240 bum
312 2191 464 2240 κατελαθνειν
476 2191 507 2239 de
523 2193 589 2240 cuitu
605 2195 630 2241 in
646 2193 712 2241 Eccl.
724 2197 797 2243 1677.
830 2193 932 2252 phanes,
950 2194 989 2240 vel
1010 2192 1052 2252 qui
1074 2190 1246 2238 Onoruasticun
1266 2187 1385 2236 litlmicon

239 2253 340 2318 τοτίρας
350 2255 464 2319 τροτίρας
478 2253 521 2304 uir
535 2254 672 2306 κατελάσας
686 2257 797 2305 deutha·
829 2256 983 2317 scripsitque
997 2257 1051 2303 loco
1069 2254 1196 2316 Diogenes
1212 2252 1322 2300 laertius
1336 2254 1385 2316 (vel

240 2322 285 2378 γό.
307 2319 401 2366 Base..
431 2319 542 2367 Imitetur
559 2321 671 2368 AEllunue
690 2321 796 2382 Epistola
829 2317 987 2374 Laertiensir.
1010 2329 1038 2366 ut
1054 2320 1108 2380 ipse
1124 2317 1276 2379 siricium:
1295 2317 1341 2365 lib.
1361 2316 1385 2365 ii.

240 2383 283 2430 vii.
290 2381 672 2444 τῆςὈπάραςοθνκαταγελάοας,
679 2383 703 2432 τί
711 2384 796 2443 diram
828 2382 964 2445 praendere
975 2382 1085 2447 ἱστορίας,
1097 2383 1138 2430 uhi
1148 2379 1385 2443 murmurantem:

240 2447 282 2494 uhi
304 2443 440 2495 κατελάσας
465 2463 495 2494 ex
514 2456 595 2498 nostro
621 2448 797 2496 loco-restituit
828 2455 908 2494 temen
926 2461 984 2496 voce
1001 2447 1093 2496 Ἔνετθς
1109 2447 1181 2494 etiarn
1201 2447 1235 2493 ait
1250 2443 1385 2508 φιλοσόφον

241 2509 314 2560 Kust.
324 2510 355 2557 ad
365 2511 460 2558 Euclea.
473 2527 499 2573 p.
509 2516 566 2562 666.
583 2510 621 2560 ed.
633 2527 702 2560 mere.
714 2512 796 2559 Drnn.
827 2510 941 2573 inrapiat.
973 2513 1134 2560 Sedematurn
1142 2510 1384 2558 memoriaeestinli·
1436 2543 1437 2558 r

240 2574 368 2636 Pulegium
378 2574 465 2622 dicitur
475 2576 553 2622 valere
563 2577 724 2632 cuntramnus,
742 2591 795 2638 qna
828 2574 978 2624 brinumero.
1007 2570 1301 2636 NamapudDiog.i'llud
1311 2581 1383 2622 Χολι·
1436 2571 1437 2584 ’

241 2639 357 2685 exuirnio
365 2654 407 2686 eeu
417 2654 542 2701 pomorum
553 2641 668 2688 oriuntur.
688 2640 760 2686 Forte
771 2648 797 2688 et
828 2637 881 2687 θείνς
900 2641 1017 2702 reperitur
1038 2641 1080 2687 lib.
1091 2640 1128 2688 iii.
1151 2641 1173 2702 ξ.
1187 2644 1228 2688 41.
1250 2637 1296 2684 nisi
1317 2638 1384 2685 aliter

240 2702 332 2763 aliquid
342 2703 440 2750 obsceni
449 2704 532 2752 subest
539 2720 546 2761 3
559 2719 615 2750 nam
626 2705 713 2766 βληχθο
724 2704 795 2751 etiam
828 2709 911 2750 auctor
924 2704 966 2750 ille
983 2705 1102 2752 Ethnicus
1121 2703 1248 2766 distinguit
1265 2701 1384 2766 Diogenis

142 2799 148 2812 .
241 2765 331 2814 dicitur
345 2766 374 2814 τὸ
390 2769 523 2827 γυναικεῖον
534 2769 626 2822 οίθοῖον,
644 2775 756 2830 ιιῐραοετ
766 2783 796 2815 er
828 2765 909 2814 libros.
943 2768 996 2815 Hoc
1007 2777 1109 2816 erratum
1126 2767 1197 2815 etiarn
1209 2768 1384 2828 deprehensum

240 2830 341 2894 Lysistr.
351 2835 393 2879 89.
404 2831 462 2877 Tele
473 2831 531 2893 quid
546 2840 591 2892 est,
605 2832 677 2894 quale
686 2833 711 2879 iu
723 2831 795 2893 βαφή·
828 2831 900 2878 video
917 2834 947 2878 ab
963 2833 1082 2880 eniditiss.
1098 2833 1187 2895 juvene
1210 2831 1242 2877 ls.
1250 2831 1383 2878 Hortihono

241 2909 291 2943 σεις
302 2891 379 2953 ζωμὸν
394 2910 417 2940 v.
428 2899 486 2943 715.
502 2896 575 2942 latere
590 2895 695 2946 videtur.
711 2895 796 2944 Baro.
829 2894 1007 2960 [canubonop
1018 2898 1136 2958 quierntne
1145 2895 1276 2958 diligentie
1287 2903 1313 2942 et
1319 2895 1384 2958 judi-

241 2957 307 3005 Nam
328 2957 421 3020 proprie
439 2956 542 3020 βλήχον
559 2968 596 3005 est
614 2957 673 3008 είθος
685 2957 796 3023 βοτάνης,
832 2957 864 3005 cii
879 2961 963 3021 plenas
979 2961 1056 3008 edidit
1068 2961 1095 3007 in
1116 2960 1262 3022 Diogenem,
1283 2973 1333 3004 non
1352 2961 1385 3005 ita

240 3020 258 3067 i.
268 3035 293 3082 q.
303 3019 412 3084 γλθχαν,
430 3031 458 3068 ut
469 3023 613 3084 grammatici
625 3032 682 3070 vett.
691 3033 795 3081 monent,
831 3021 922 3083 pridem
934 3025 966 3072 ad
976 3041 1014 3072 me
1024 3039 1102 3086 nuper
1111 3024 1207 3072 Lutetia
1216 3024 1309 3078 missas,
1329 3022 1384 3069 dum

240 3085 311 3149 nobis
321 3085 406 3148 Poley,
425 3094 451 3132 et
464 3085 684 3151 βληχωνίαςοςο,ο
701 3088 797 3151 pulegio
830 3086 1024 3150 hasquisquilias
1042 3089 1161 3150 maginus.
1193 3087 1280 3150 Neque
1291 3087 1383 3147 dubito,

243 3148 439 3211 paraemltmu.
586 3189 588 3194 .
758 3178 760 3182 .
789 3179 792 3188 ·
830 3151 889 3212 quin
899 3167 930 3198 ex
941 3153 1053 3200 bonoillo
1062 3151 1274 3214 Hortoaliqusndo
1284 3151 1384 3198 floreeet
1434 3149 1435 3152 ’

273 3215 331 3262 666.
347 3215 462 3262 κυκεῶνος
475 3214 544 3262 Suid.
561 3215 587 3262 iu
603 3219 645 3270 θλ.
661 3230 710 3263 non
721 3215 759 3264 tut
769 3233 796 3278 χ.
830 3215 920 3263 fructus
937 3217 1072 3278 grandiores
1087 3222 1181 3270 exeant,
1200 3231 1259 3278 quos
1275 3213 1382 3262 literatus

240 3276 321 3328 Poris.
829 3279 892 3326 orbis
902 3281 1006 3328 suaviter
1014 3281 1133 3328 odoretur.
1164 3278 1381 3326 Italareoetudio-

274 3346 332 3392 697.
349 3341 396 3400 τὴν
404 3341 494 3391 excidit
504 3343 529 3391 in
540 3343 556 3391 J
559 3353 608 3392 unt.
619 3360 650 3390 11.
673 3343 755 3391 Drsn.
830 3357 861 3390 se
868 3344 996 3408 juventuti,
1007 3353 1034 3392 ut
1044 3345 1148 3408 maligne
1158 3345 1257 3391 laudare
1267 3342 1381 3390 nesciarn.

274 3405 795 3474 668.Α16.ίίτα’ρεσθ.Βςκτ.τῇΒοολῇ.
829 3406 954 3457 FuCun.
987 3407 1336 3472 VidadliqdllflLDrnu.
1433 3413 1434 3418 ’

243 3470 641 3534 QussiSenatuscnretea‚quaead
651 3473 794 3534 spectacula,
861 3476 918 3522 705.
934 3471 1022 3520 Ροςιθ
1037 3471 1089 3520 ’τάν
1098 3474 1142 3537 (al.
1160 3469 1179 3519 6
1195 3471 1252 3535 τᾶν)
1264 3478 1381 3519 commate

240 3533 795 3598 ludus,etsncrificiapertinent-Bannlias'ye
827 3536 1099 3598 estinterpungendunr.
1131 3537 1255 3593 Machina,
1265 3551 1320 3598 qne
1331 3549 1382 3582 sca-

240 3595 272 3645 σὺ
290 3599 322 3661 ep*
338 3599 418 3661 Βονλῇ
437 3598 494 3646 Ald.
510 3599 578 3647 Junt.
595 3616 614 3646 r.
632 3598 796 3664 θτάγαγετῄ·
826 3599 1005 3647 rabaeit‘ormem
1015 3600 1120 3656 referret,
1134 3600 1227 3648 interea
1236 3599 1380 3648 videturah·

241 3661 582 3725 Bouhpireliquaeedd.Drnn.
826 3663 876 3710 late
907 3677 969 3719 esse,
997 3664 1053 3712 hine
1076 3663 1161 3712 dicitur
1178 3663 1310 3711 scarabaeus
1334 3677 1381 3710 non

239 3755 242 3760 ·
275 3724 793 3786 669.μακ.Βονλὴσὺτ.Θ.Ρωάαὶαοτααί-
826 3727 1010 3776 edesse-Dino.
1039 3726 1379 3791 innotuimus-rixae.

240 3789 284 3836 hus
294 3790 358 3838 libn's
369 3790 464 3845 menda,
473 3789 516 3835 sed
523 3804 576 3851 quae
582 3790 693 3838 facillime
700 3800 795 3852 poteret
825 3791 887 3838 Scal.
898 3791 982 3840 Base.

240 3854 289 3900 elui
300 3871 306 3900 ε
324 3852 342 3902 θ
352 3853 454 3916 μακαρία
466 3851 498 3900 σὺ
508 3854 586 3912 {lueth
598 3855 794 3917 rire—spondeo
816 3907 818 3910 ,
858 3859 915 3904 766.
930 3856 1014 3904 Soleus
1024 3858 1070 3904 lroc
1077 3856 1137 3904 facit
1146 3871 1195 3903 nou
1206 3855 1284 3904 solum
1293 3871 1325 3902 ex
1336 3856 1379 3902 hoe

240 3926 346 3980 quartem
357 3917 437 3964 sedern
448 3924 553 3965 tenente.
563 3918 683 3966 Bsurrcr.
700 3919 794 3967 Conve·
826 3927 931 3974 euctore,
947 3921 991 3967 sed
1003 3935 1036 3968 ex
1053 3921 1115 3984 aliis,
1135 3935 1234 3984 quorum
1244 3919 1380 3967 testimonia

240 3981 334 4028 nienter
344 3979 469 4028 Theonam
479 3980 577 4028 Senatui
585 3982 698 4045 applicat.
729 3985 794 4032 Nem
827 3999 891 4045 saepe
909 3984 1053 4032 ludoslucit.
1087 3985 1144 4033 Veri
1155 3993 1236 4033 autern
1247 3983 1327 4031 simile
1345 3991 1379 4029 est

240 4045 342 4091 Senatus
352 4052 496 4106 quosextre
514 4044 574 4092 fines
585 4046 616 4094 ad
630 4061 698 4094 sacra
714 4049 752 4095 rel
765 4047 795 4095 erl
826 4046 917 4094 dictum
927 4047 987 4095 illud
998 4048 1214 4112 θατραιτρφορεῖάα
1226 4048 1315 4111 aquile,
1331 4047 1379 4108 qui,

240 4109 311 4154 ludos
330 4107 448 4154 solemnes
466 4107 503 4154 rel
522 4109 553 4156 ad
569 4111 665 4158 oracula
685 4111 795 4160 mittebat
826 4117 854 4158 ut
870 4111 905 4158 eit
915 4110 1071 4175 Claudianus,
1090 4114 1197 4162 fulminis
1214 4121 1254 4162 est
1271 4113 1340 4160 heres
1356 4117 1380 4158 et

240 4170 793 4238 oratoresoeupotsvocnbancnavimqueve·
826 4176 930 4236 gerulus.
962 4177 1074 4226 sedem
1082 4179 1215 4227 (lantherus
1223 4177 1284 4225 adeo
1294 4183 1380 4238 potens

240 4235 331 4283 hebent
344 4237 448 4300 θεωρίδα,
464 4237 605 4286 sacrificium
616 4237 719 4304 θεωρίαν,
730 4239 794 4302 quod
826 4240 907 4295 luerit,
926 4248 953 4288 ut
963 4255 1009 4290 ovs
1026 4242 1113 4304 aquile
1129 4241 1255 4306 dejecerit,
1270 4240 1381 4302 quiduis

240 4314 283 4362 per
295 4308 342 4348 tres
353 4301 405 4350 dies
418 4303 545 4350 condnuoe
560 4317 603 4364 pro
613 4318 672 4366 psce
683 4304 734 4351 lieri
741 4305 794 4366 jus·
827 4302 887 4351 Jove
897 4303 924 4352 in
934 4305 998 4354 illius
1009 4307 1088 4355 locum
1097 4307 1245 4356 nunciaturi
1261 4305 1315 4352 lmo
1328 4317 1380 4351 cum

239 4370 301 4410 serat
310 4365 381 4412 bourn
390 4371 415 4412 et
421 4365 522 4414 aliorum
533 4367 693 4416 animantium.
717 4367 793 4431 Prop·
827 4367 859 4415 sit
869 4367 1028 4434 κοπροφόρος,
1044 4372 1157 4420 convenit
1172 4371 1250 4432 magis
1259 4369 1380 4432 Ganyme·

239 4428 559 4494 ςεεεαθίιίίὴμερῦντριῶν.
582 4433 795 4496 ,ὃααςιαῐοιαααί
826 4433 874 4480 deo
891 4435 986 4498 raptori.
1019 4435 1098 4484 Dixit
1117 4443 1199 4484 eutem
1217 4432 1313 4496 ίρραεα
1338 4447 1382 4494 pro
