2904 4908
72 346 289 427 vens-eorl
509 344 780 418 ustriciano.
1148 309 1212 426 iar

71 516 135 558 cunt
152 507 230 558 Codd.
245 515 272 558 et
290 505 368 569 Sutd„
385 502 427 570 qui
437 521 451 556 e
463 505 542 556 Schol.
553 523 626 572 erpo·
660 506 726 556 Triu.
736 514 796 557 text.
811 514 837 556 et
852 507 932 560 Sobel.
948 507 995 560 leri
1014 525 1090 560 errore
1111 525 1154 576 pro
1173 512 1211 576 df·

69 573 113 623 nit
124 570 284 636 dnlssowrni
301 571 407 634 ἔθλιψαν.
440 573 478 620 Sic
489 572 553 620 enirn
563 572 627 636 apud.
659 571 802 622 ΕΙΠύκατον
818 573 868 622 sive
887 575 945 634 ἐξιπ.
963 573 1026 638 quod
1044 590 1085 637 pro
1102 592 1125 623 v.
1135 578 1153 624 1.
1169 579 1210 626 lra-

70 653 133 686 eum
152 637 277 702 legendum
298 653 338 700 pre
354 635 472 698 ἐθλύψατε.
507 635 626 686 Emende·
661 637 777 688 betTriu·
804 637 865 688 Vide
883 639 939 688 VV.
950 639 1010 692 DD.
1026 639 1056 686 nd
1075 639 1141 690 Plut.
1153 647 1210 694 816.

73 705 157 752 veram'
167 705 241 766 primo
257 701 376 750 literarum
386 701 498 748 insistens
509 701 627 762 ductibus,
659 699 746 752 Dosn.
898 707 899 710 ’

70 768 160 830 sicque
176 767 289 830 scriptum
301 772 336 814 est
348 767 373 814 in
383 766 454 829 priori
463 780 517 812 meo
528 775 626 831 apogra·
692 769 747 816 293.
766 765 809 814 Est
830 767 868 815 hic
887 783 968 816 versus
985 768 1057 814 etiam
1075 768 1210 818 tetrameter

71 832 137 898 pluo,
154 830 314 894 decendente,
326 831 387 894 quod
400 837 484 894 postea
493 829 625 892 repudiavi,
659 831 801 894 trochaicus,
813 833 851 880 cui
861 848 904 896 pes
914 832 1039 880 deficiebat
1052 849 1107 882 curn
1118 835 1210 898 syllaba

71 901 127 944 tum
146 896 203 960 quia
220 895 310 944 Atticis
324 897 398 944 sonna
411 891 483 956 πιύζα
504 891 627 958 ρτοπιέζα
659 895 806 952 catalectica.
835 897 913 946 Voces
929 897 973 953 τῆς
990 897 1044 946 teet
1065 898 1210 960 reposuimus

73 959 200 1023 inusitata,
222 969 273 1008 tum
293 959 348 1024 quis
369 960 511 1023 preteritum
534 961 628 1007 carebat
659 959 771 1008 eduobue
780 959 840 1024 Reg.
859 959 942 1024 [Voss.
951 977 990 1026 ap.
1002 961 1073 1010 Beut.
1082 971 1107 1010 et
1115 963 1207 1028 Schol]

72 1034 211 1088 augmento.
246 1025 316 1082 Quod
332 1029 412 1072 autern
426 1024 530 1086 reposui,
545 1023 625 1088 genui·
660 1022 780 1072 Betuucr.
1226 1034 1233 1044 “

69 1103 133 1137 nuru
145 1099 183 1138 est
194 1089 340 1151 ἐξιπώκατον.
373 1089 476 1137 Verbum
493 1085 626 1138 r’rrdrrlucu·
691 1091 747 1137 294.
765 1089 829 1151 Lege
848 1105 877 1136 ex
894 1087 1042 1150 8ο6ο1.πρ1ς
1056 1093 1090 1154 τῇ
1106 1094 1209 1158 τελευτῇ

71 1153 154 1202 lenter
168 1155 296 1202 illustrarit
314 1153 447 1202 Herusterlr.
467 1154 496 1200 ad
516 1152 580 1200 Plut.
602 1169 627 1216 p.
659 1151 703 1210 τῆς
713 1154 775 1210 ὁδοῦ,
786 1161 812 1200 ut
822 1154 894 1200 hebet
903 1154 952 1200 Ms.
962 1153 1026 1202 Trio.
1038 1153 1114 1204 Poas.

72 1223 134 1266 279.
146 1219 187 1266 ubi
199 1219 262 1266 inter
275 1220 323 1266 elie
338 1217 443 1266 ostendit
458 1215 539 1265 1τνοῦν
549 1219 579 1266 ab
589 1218 626 1266 ι’τ·
691 1221 748 1268 296.
766 1215 840 1266 δεινὸν
849 1227 874 1264 et
884 1234 938 1266 mor
948 1219 1082 1281 προσπεσὸν
1091 1219 1167 1282 relata
1176 1221 1208 1271 ad

42 1301 53 1338 l
70 1281 114 1332 »dr
124 1283 236 1332 Grrecum
244 1298 293 1330 nou
304 1287 365 1346 esse,
376 1293 400 1330 et
413 1281 511 1330 ι’τνεύιιν
523 1281 586 1341 dici;
603 1289 627 1330 nt
659 1282 704 1345 πῦρ
714 1299 719 1327 :
738 1283 807 1342 vulgo
819 1282 892 1332 δεινὸς
906 1291 931 1330 et
943 1283 1082 1345 προσπεσὸν
1092 1285 1167 1332 relata
1177 1287 1208 1334 ad

72 1350 106 1394 ab
116 1345 170 1396 ἶπον
181 1363 233 1398 cese
243 1346 309 1412 lrrdor,
321 1364 367 1411 qno
378 1349 450 1394 veruo
461 1347 534 1394 utitur
547 1355 627 1394 noster
660 1339 755 1402 κατνού,
774 1345 857 1410 utique
875 1362 923 1394 non
944 1348 1019 1414 pejus.
1052 1347 1100 1396 Sed
1110 1349 1210 1400 alterum

72 1411 140 1476 qu.
152 1417 208 1462 924.
218 1411 340 1474 ἰπούμενος
350 1413 401 1460 ταῖς
412 1410 539 1474 εἰσφοραῖς.
565 1411 626 1468 Quae
659 1411 763 1474 pretuli,
772 1412 828 1474 quia
837 1412 863 1458 in
874 1427 902 1458 eo
914 1411 1064 1460 consentiunt
1073 1421 1119 1460 tres
1129 1415 1207 1464 Codd.

71 1475 175 1540 quidem
181 1477 321 1540 jamdudum
330 1477 391 1524 mihi
407 1477 470 1524 lecte
486 1484 511 1525 et
528 1475 627 1538 probata
659 1491 711 1523 curn
724 1476 805 1537 priscis
815 1477 871 1538 edd.
882 1475 1004 1524 Brunca.
1029 1476 1144 1526 Ridicula
1154 1496 1209 1543 erga

70 1556 88 1588 e
95 1541 274 1588 memoriamilri
282 1541 431 1594 exciderent,
439 1541 534 1604 quando
540 1539 625 1590 AEsclr.
660 1547 717 1588 vett.
727 1539 800 1588 libros
809 1543 975 1604 superstitione
984 1556 1078 1604 pravam
1083 1543 1211 1592 lectionem

73 1605 157 1654 Prom.
168 1605 243 1668 edidi,
253 1608 293 1654 ubi
307 1609 362 1654 366.
380 1605 461 1654 inritis
471 1605 544 1651 etiam
555 1605 624 1654 libra·
659 1601 728 1652 bone
748 1605 829 1654 nescio
847 1605 914 1670 cujus
930 1605 1092 1654 emendationi
1106 1609 1209 1672 pretuli.

70 1671 126 1726 riis,
158 1671 179 1718 le
196 1669 293 1726 endum,
325 1669 447 1730 ἰπούμενος
473 1666 562 1733 ῥίζῃσιν
585 1667 626 1718 At·
659 1666 1210 1736 Repouendunrderndsetnpocrrsudmutjim

70 1733 166 1784 resilere
175 1687 227 1784 ύιο.
243 1733 311 1784 Istud
326 1741 402 1783 autern
421 1732 561 1796 ἐξιπύκατον
577 1742 625 1782 tarn
659 1733 766 1782 ediderat
791 1733 914 1784 Gelenius.
946 1735 1041 1798 Signatc
1067 1735 1160 1788 δάκνειν
1180 1738 1210 1786 de

71 1808 159 1861 aptum
184 1800 303 1848 videbitur
321 1799 421 1848 cuilibet
442 1798 525 1848 Graece
547 1797 626 1858 docto,
651 1797 991 1860 semodicitur‚nouver'ode
1008 1799 1072 1862 igne.
1104 1801 1210 1854 Prata.
1256 1833 1258 1844 =

72 1873 104 1912 ut
137 1866 327 1914 emendationem
347 1865 408 1912 lianc
433 1879 464 1910 ne
493 1863 627 1914 Puteuuum
660 1861 777 1914 ύκαπνοι
796 1862 878 1912 ἔδακνε
894 1865 926 1913 ri
939 1861 1050 1928 βλέφαρά
1066 1883 1119 1926 μον.
1154 1867 1211 1916 Pac.

73 1928 175 1992 quidem
185 1931 263 1992 ipsum
272 1943 369 1992 carpere
376 1943 446 1991 posse
453 1926 557 1976 arbitrer.
578 1927 627 1978 Sed
659 1930 716 1976 610.
726 1929 760 1987 τῷ
771 1930 851 1990 καπνῷ
860 1925 949 1978 πάντας
957 1927 1080 1988 Ἓλληνας
1090 1930 1210 1994 δακρῦσαι.

70 2008 134 2042 ecce
146 1994 213 2042 elteri
223 1995 260 2042 illi
271 1993 376 2048 lectioni,
387 2008 433 2056 quo
442 2007 480 2040 me
491 1991 627 2057 conjectura
659 1989 699 2038 In.
722 1991 753 2040 V.
765 2008 835 2058 supra
847 1997 903 2042 200.
919 1995 1001 2042 [loen.
1066 2011 1072 2020 “

72 2073 158 2122 parum
183 2058 294 2106 meditata
319 2059 430 2119 duxerat,
450 2072 566 2122 quamque
585 2057 626 2106 de·
690 2059 748 2106 297.
763 2055 1129 2120 προστεούνμῚκτῆιχύτρας.
1148 2060 1211 2119 Quia

72 2123 170 2185 spectui
186 2123 268 2187 hebui,
286 2119 445 2183 ὄξετιύκατον,
462 2121 527 2170 eliud
546 2137 628 2186 agens,
658 2120 762 2184 lacryma
779 2123 896 2170 seniorum
915 2139 1009 2184 magnes
1023 2122 1098 2172 lemae
1108 2124 1173 2182 ferit,
1184 2126 1211 2178 in

71 2187 138 2236 forte
166 2185 439 2256 fortunaofidejnssorem
456 2185 541 2250 reperi.
578 2186 626 2233 Eu·
659 2183 725 2232 Nub.
741 2185 803 2258 dixit
820 2183 1212 2251 λημᾷνκολοκύνθαιο,ὀῐῑιιοίαο

72 2253 150 2302 stath.
160 2254 182 2302 is
191 2261 236 2312 est,
252 2253 295 2316 qui
313 2252 387 2312 multe
398 2253 530 2314 antiquaret
540 2250 602 2298 bona
612 2266 627 2300 e
660 2265 703 2298 nus
713 2252 771 2298 satis
782 2251 894 2299 audacter
903 2251 1001 2316 χύτραις
1011 2254 1094 2318 λημᾷν
1103 2254 1126 2300 in
1139 2269 1209 2318 opus·
1271 2270 1274 2276 ·

72 2315 627 2385 grnrumaticornnrscriptisveteribusquelexi-
659 2315 713 2364 culo
733 2315 790 2378 πρὸς
808 2316 955 2366 ἀπαίδευτον.
987 2315 1058 2373 Quod
1077 2324 1156 2366 autern
1177 2321 1213 2370 ait

70 2384 109 2430 cis
130 2381 234 2446 collegit.
268 2381 307 2429 Sic
325 2389 402 2428 autern
421 2381 461 2428 ille
483 2379 514 2428 ed
530 2379 560 2428 11.
572 2386 590 2430 1.
603 2396 627 2443 p.
659 2377 720 2428 κύων
731 2383 851 2438 λυττῶσα,
866 2381 997 2430 notandum
1011 2390 1047 2430 est
1057 2380 1148 2432 λύπαν
1159 2400 1210 2434 rer·

73 2451 134 2498 750.
145 2449 161 2496 1.
171 2449 211 2496 41.
221 2445 250 2496 τὸ
258 2444 284 2496 di
292 2447 403 2504 ύκτῆοθαι
409 2445 518 2494 Ἀττικόν
525 2446 578 2494 ἐστι
587 2443 626 2494 καὶ
659 2445 772 2494 rniculum
783 2461 837 2494 esse
847 2447 872 2494 in
881 2446 964 2510 lingua
975 2462 1061 2496 canum
1078 2448 1114 2496 vel
1133 2449 1211 2500 Plinio

72 2511 143 2570 oleri,
161 2511 201 2562 κα1
217 2510 317 2562 Ἰωνικὸν
335 2509 370 2565 δὲ,
387 2508 563 2568 ἀποβληθέντα
583 2511 627 2560 τοῦ
658 2516 728 2559 teste.
745 2510 793 2560 rr.
811 2509 880 2560 Can.
902 2511 1133 2575 προοπεσύνμέΜι.
1142 2513 1210 2566 -Τι-16.
1305 2517 1309 2524 ’

149 2575 158 2599 Ι
228 2579 240 2592 ⁸
472 2575 484 2589 Α
573 2573 581 2596 i

72 2573 627 2703 ιιικκνινξκοκῑένικκ
659 2570 747 2690 Dtr:
761 2637 852 2690 ι...
960 2639 1040 2704 rm,
1060 2649 1087 2690 ..
1106 2641 1138 2690 ..
1159 2649 1208 2692 ...

69 2705 257 2770 ἔξαγλνμμύνοτ,
276 2705 315 2756 κα1
336 2705 402 2756 ἄλλα
418 2704 496 2769 μυρία.
535 2706 583 2754 Sed
606 2705 627 2756 si
658 2703 745 2752 chaeus.
777 2703 1118 2770 Μοκύμήξαμιν,ιιοαααῒαια
1128 2706 1208 2770 ἀρήξο-

68 2788 158 2828 verum
175 2780 221 2826 est,
238 2769 302 2834 quud
316 2772 369 2834 ipse
385 2770 420 2818 ait
436 2787 461 2834 p.
476 2773 545 2821 1673.
556 2769 574 2817 l.
585 2773 626 2820 63.
656 2785 708 2828 μεν.
730 2769 774 2818 ur.
794 2768 864 2820 Gna.
893 2769 965 2822 rtrrr
984 2768 1086 2832 Λήμνιον
1104 2771 1134 2820 το
1154 2774 1208 2836 πῦρ.

69 2837 193 2886 Doricum
213 2851 267 2884 esse
288 2833 363 2898 πιάζοι
380 2849 423 2898 pro
443 2832 522 2896 πιέζοι,
542 2835 624 2897 proba·
657 2833 1211 2898 Perpetemvulgoadornpessnmdetomctro.

67 2902 295 2950 bilenonestenm
314 2902 360 2948 hnc
376 2900 518 2963 respexisse.
537 2914 581 2948 nec
600 2901 626 2948 in
657 2897 719 2944 Satis
741 2900 819 2948 mirari
836 2916 930 2964 nequeo
946 2910 994 2950 turn
1013 2915 1096 2964 perum
1115 2903 1145 2949 ad
1164 2903 1212 2954 ism

68 2965 337 3030 scriptaqnamhabuit
353 2965 490 3041 Lysistrnta.
505 2962 625 3025 ἐξοτιάκα-
658 2962 793 3012 adtendisse
805 2965 877 3012 Kust.
893 2967 1013 3014 Bnuncr.
1039 2965 1105 3028 Lege
1125 2965 1210 3018 κύστιν
1285 2973 1288 2980 ’

68 3049 117 3082 τον
136 3033 236 3096 legisse:
261 3046 317 3078 nam
336 3031 458 3094 Anstoplr.
481 3027 569 3077 Dorice
590 3029 625 3078 lor
658 3043 696 3088 γα.
715 3027 764 3075 Ms.
774 3027 891 3092 κύστιγε.
902 3031 983 3078 Beur.
999 3031 1029 3078 L.
1039 3029 1121 3094 κᾷσπι.
1132 3033 1211 3082 Pons.

69 3103 178 3160 qnentes
188 3111 235 3144 uon
246 3094 339 3152 inducit
354 3097 478 3158 populares
494 3109 565 3150 euos;
581 3109 627 3144 nec
658 3091 729 3142 κύοτι
742 3109 772 3154 γε
787 3093 892 3156 Λέμνιον.
908 3096 957 3142 Me.
968 3095 1034 3144 Trin.
1046 3095 1132 3144 Dona.
1147 3095 1211 3158 Λήμ-

67 3161 106 3208 sic
135 3159 224 3224 abique
250 3169 376 3223 augmento
395 3157 538 3222 praeteritum
560 3159 626 3206 adhi-
659 3155 809 3221 νιοντοτῦρ.
840 3159 970 3215 'ltinsunt¹
987 3161 1017 3206 ad
1035 3175 1087 3222 quae
1104 3177 1141 3208 res
1158 3161 1210 3212 icit.

68 3225 177 3280 buisuet,
188 3224 231 3274 sed
241 3225 340 3274 dixisset
349 3222 525 3274 ἐκπεπιώιαπον.
558 3223 625 3272 Nihil
660 3222 738 3270 Priuro
748 3222 778 3270 ad
790 3223 897 3272 fornaces
909 3224 971 3288 ignis
981 3230 1007 3272 et
1016 3223 1133 3272 officinam
1174 3227 1210 3274 ul-

69 3291 123 3338 huc
135 3289 224 3338 iaciunt
234 3291 346 3352 exempla
356 3289 386 3336 ab
396 3289 504 3336 Eustath.
523 3287 627 3336 adducta
659 3286 713 3336 cani
722 3285 747 3333 iu
761 3287 866 3347 Lemno;
884 3289 946 3336 uude
958 3298 983 3334 et
992 3287 1066 3354 sopp.
1076 3289 1211 3339 nominatur

68 3355 197 3413 ἐκτῆσθαι,
214 3353 391 3416 diffluentias.
430 3353 563 3416 Negligunt
581 3351 626 3400 At·
659 3351 722 3413 ignis
742 3352 858 3400 Lemnius
875 3353 899 3403 in
916 3352 1011 3400 Philon.
1028 3357 1085 3402 797.
1101 3361 1142 3400 aut
1153 3359 1210 3404 816.

69 3420 115 3470 tici
127 3429 279 3472 augmentum
290 3420 316 3466 in
327 3419 404 3466 verbis
414 3433 428 3465 a
440 3417 528 3480 duplici
543 3433 626 3466 conso·
659 3418 693 3476 τῷ
701 3416 793 3481 Λημνίῳ
803 3420 856 3479 τῷδ’
867 3415 1048 3479 ἀνακαλουμένῳ
1057 3418 1111 3480 πορ1
1123 3417 1210 3483 ἔμπρη-

69 3492 149 3532 nante
167 3483 348 3546 incipientibus,·
357 3495 382 3530 ut
399 3480 517 3538 βλακεύο,
531 3481 626 3544 γλύφο,
660 3499 720 3530 σονι
738 3482 824 3532 deiude
841 3483 1030 3546 adproverbium
1041 3480 1131 3544 Λήμνια
1141 3483 1210 3543 κακὰ.

67 3547 208 3610 γλαπύζα,
218 3547 326 3611 κτύομαι,
332 3546 442 3610 πτήσσω,
449 3546 535 3609 στείρα
545 3564 550 3591 :
563 3547 627 3596 nude
660 3545 690 3594 de
702 3562 750 3610 quo
761 3547 836 3596 videri
852 3557 932 3612 potest
947 3548 1068 3598 Stanleius
1079 3549 1110 3596 ad
1122 3551 1207 3600 AEsclr.

68 3613 305 3669 κατεβλακευμένως,
317 3612 471 3674 ἂγλνμμένος,
491 3621 626 3673 κατθγλοτ-
660 3611 772 3675 Choeph.
790 3617 863 3664 631.;
888 3613 958 3660 tertio
979 3613 1063 3662 alludit
1080 3613 1110 3662 ad
1128 3631 1208 3664 vocem

67 3677 194 3740 τισμένοτ,
208 3677 315 3740 ἔκτημαι,
326 3677 429 3746 ἔττηχα.
440 3677 590 3741 ἐσπαρμένος,
602 3685 627 3726 et
659 3675 732 3736 λήμη,
742 3685 769 3724 ut
779 3686 855 3740 putet„
874 3693 944 3740 quunr
956 3677 1022 3733 dicit,
1039 3677 1091 3727 οὐδὲ
1101 3677 1148 3744 γύμ
1158 3682 1213 3730 ποθ’

68 3745 170 3792 similia.
194 3743 255 3792 Vide
266 3743 550 3808 Teylur.adLycurgum
567 3741 626 3792 edit.
659 3738 1168 3806 ὧδ’ύδύξέβροκιτὰςλύματέμού.1ύαιιο.

69 3809 140 3871 Lips.
152 3825 176 3871 p.
191 3813 243 3857 166.
254 3817 279 3856 et
290 3809 375 3856 Orrill.
387 3808 417 3855 ad
429 3808 520 3856 Chorit.
532 3823 556 3869 p.
569 3812 626 3857 677.
692 3811 749 3856 301.
765 3807 845 3870 Vulgo
855 3809 943 3875 mgitur
964 3806 1016 3856 ούδὲ
1033 3805 1080 3872 γάρ
1100 3811 1151 3858 ποθ’
1170 3805 1209 3858 ὧδ’

66 3873 109 3922 At
121 3874 149 3920 in
165 3876 243 3920 verbis
258 3889 272 3920 a
289 3874 390 3936 sirrrplioi
405 3877 550 3922 consonante
568 3872 626 3920 inei·
659 3868 715 3932 ύδὰξ
726 3869 809 3936 ἔβρυκε
819 3873 862 3925 rie
872 3868 949 3936 ninas
960 3873 1024 3933 ἐμοῦ.
1047 3874 1124 3922 Vertit
1139 3875 1209 3938 Berg.

68 3938 198 4002 pientibus
209 3938 352 4000 praeteritunr
363 3953 483 4000 uunquam
501 3937 552 3985 sine
569 3951 626 3999 aug·
660 3937 788 3999 Nunquam
799 3939 863 3992 enirn
876 3940 910 3992 ric
925 3938 1042 3986 mordicus
1051 3939 1210 4000 prehendisset

69 4014 157 4050 mento
178 4003 288 4050 efferunt.
331 4002 392 4056 Sunt
417 4017 472 4064 ergo
491 4000 627 4058 dflodneunr.
657 4002 830 4062 glomurmens.
851 4001 1212 4060 Sed,obone,nonitnGraecs

68 4066 230 4128 ἐγύμναομαι,
253 4065 360 4129 deteriores
379 4067 441 4116 nihil
463 4066 538 4130 alind,
555 4083 625 4178 (poam
659 4074 762 4113 sonant:
788 4082 883 4116 sensum
907 4065 999 4130 quidem
1022 4066 1146 4114 adsecutus
1167 4085 1211 4128 es;

68 4133 218 4182 librarionuu
241 4135 322 4184 sordes
347 4148 378 4180 ex
403 4132 537 4180 emendatis
570 4132 628 4180 ibris
660 4131 702 4178 sed
724 4129 781 4193 quid
799 4132 825 4180 in
844 4131 922 4196 phrasi
942 4130 1036 4180 deesset
1056 4146 1105 4179 nun
1123 4131 1211 4182 uidisti.

67 4197 209 4260 ejiciendas.
242 4197 288 4246 llic
306 4204 332 4244 ut
346 4197 407 4246 infra
421 4201 477 4245 307.
492 4203 518 4244 et
528 4200 585 4245 313.
594 4195 627 4246 τύ
660 4193 745 4260 ἔβρυκε
755 4196 820 4244 velet
836 4196 967 4260 prehendit,
982 4211 1030 4244 non
1042 4196 1211 4258 prehendisset.

67 4260 137 4323 ξύλα
159 4262 341 4310 instrumentum
364 4272 402 4311 est
422 4261 562 4324 bajulorum,
581 4277 628 4324 que
661 4261 700 4308 Ad
710 4262 773 4308 huuc
785 4276 881 4324 sensnm
895 4261 1023 4322 requiritur
1038 4259 1155 4324 particula
1170 4264 1209 4322 tr,

66 4342 192 4390 suspensa
207 4323 382 4386 meminerint,
399 4327 629 4389 quodalibieppel-
660 4341 713 4439 pp?
735 4325 830 4378 omniuo
853 4326 891 4376 hic
911 4342 963 4374 esse
984 4325 1063 4374 debet.
1093 4326 1218 4380 Praetem.

67 4393 135 4440 latur
151 4390 181 4440 τὸ
197 4391 292 4455 ἄφορον.
316 4391 436 4440 Brunca.
469 4391 630 4452 ἐξεπιύκατον.
702 4388 772 4443 ἑτοτε
790 4405 884 4454 semper
901 4391 973 4440 verbo
984 4391 1217 4458 suscriptemporis..

64 4457 112 4506 Sic
124 4456 239 4508 Suid.ed.
248 4455 298 4506 Me.
306 4471 331 4506 r.
340 4457 419 4506 Pons.
433 4453 629 4520 Itaquoquellts.
660 4471 781 4523 urrumnai
790 4457 918 4520 preteriti,
925 4455 1069 4522 adjungitur.
1094 4455 1126 4507 In
1138 4459 1209 4511 duob.
