2914 4904
93 339 286 440 ljos-³004
554 367 719 428 strum.
1093 363 1097 370 ·
1172 384 1212 438 οε
1281 419 1283 426 ,

91 525 169 572 snus:
186 524 282 572 ‘Omnis
300 537 355 571 cure
365 523 430 578 viris,
448 531 500 571 uter
519 523 559 571 hic
577 525 623 572 siet
659 525 741 572 luebat
759 525 859 580 scilicet,
876 539 908 572 ne
929 531 1047 589 peccaret,
1068 530 1090 577 ri
1107 531 1152 580 tria
1169 533 1213 581 illa

90 588 238 650 induperator.'
269 589 397 649 Scdopere
407 589 466 634 deus
475 587 577 634 orandus
586 595 623 634 cst
657 591 729 636 verba
740 603 786 636 uon
797 597 876 635 esseut
884 589 1038 649 ὁμοιόπτωτα.
1056 593 1212 659 Ναοιχαίροο,

91 654 185 707 maximo,
200 659 313 714 utregesu
323 658 427 698 nostrum
438 650 569 698 Heurictuu
579 651 623 707 iii„
657 653 756 699 verbum
774 651 838 714 quod
854 668 896 714 per
913 669 938 701 ae
957 666 996 702 ast
1011 656 1148 714 consors,
1166 675 1214 709 nou

91 714 192 774 insignem
201 716 288 774 pietate
306 721 331 761 ct
349 713 473 776 prudentia
491 715 624 777 principem
657 716 714 762 satis
724 714 850 762 videbatur
859 716 937 764 locere
948 718 979 766 ad
989 719 1130 782 rhythmum.
1143 723 1212 778 ‘Fon

93 791 149 837 quaro
159 779 285 825 diutissime
296 779 376 824 vivum
386 786 411 823 et
421 777 542 825 videntem
556 778 623 826 inco·
656 779 728 826 tassia
754 786 835 828 autem
854 779 885 826 de
905 782 1021 828 industria
1042 781 1213 847 Aristophanes

92 841 205 903 lumenque
223 841 291 888 nobis
313 837 442 896 conservat,
466 850 543 888 etex
563 843 623 890 caci·
656 842 782 905 Trygtaum
793 843 887 890 induxit
902 843 1083 908 βαρβαρίζοντα,
1094 857 1121 895 ut
1136 864 1213 910 agres-

75 906 214 964 *dictandam
222 907 377 968 proletarium
387 905 467 952 iaciat.
483 905 623 966 Στύλοιγομ
656 911 707 952 tem
728 906 812 952 sirum.
858 907 911 961 Quo
932 909 1005 955 modo
1025 911 1167 959 Theocritus
1187 913 1213 961 in

92 966 148 1014 oleo
160 969 234 1022 rosbes
254 967 314 1016 εἰσὶν
334 967 434 1030 doleres.
451 968 497 1015 Fr..
509 967 578 1016 css.
601 971 624 1018 ds
657 968 780 1016 Dioscuris
801 967 922 1032 Amycum
942 973 1007 1034 loqui
1024 974 1082 1022 lucit
1100 977 1213 1024 barbaris-

91 1029 316 1094 τᾶοὶθρᾷκηοχωρία
334 1033 467 1080 misscesse
479 1033 509 1078 ab
520 1031 624 1080 Lacedd.
656 1047 723 1080 mum
739 1032 765 1079 iu
783 1031 835 1095 illo,
851 1036 914 1089 ποῖοι
931 1031 1047 1100 οἷοιορᾷε,
1063 1038 1213 1088 uisiillicle-

90 1095 244 1142 saulmerium
262 1095 624 1159 Thucyd.v.12.uarrat.xpii·
658 1095 761 1156 gendum
784 1093 841 1151 οἶον,
867 1097 898 1144 de
920 1113 968 1161 qua
989 1099 1091 1148 lectione
1112 1103 1214 1164 ambigo.

89 1173 121 1204 οαι
137 1159 276 1210 commodare
294 1160 320 1208 h.
332 1163 348 1204 t.
360 1165 411 1204 est:
428 1159 523 1207 mittere
540 1160 625 1207 ducem
639 1197 642 1204 ,
658 1158 706 1206 Sed
717 1159 853 1206 credibilius
869 1167 915 1216 est,
935 1161 1021 1208 imitari
1031 1165 1132 1212 volmsse
1143 1165 1213 1214 Dati-

88 1221 112 1265 ad
128 1235 191 1282 opem
207 1222 430 1270 ferendamDrrro.
462 1221 502 1269 Ad
521 1223 573 1270 hac
590 1223 626 1271 ita
658 1223 723 1284 dem,
745 1222 761 1268 i.
772 1239 795 1270 e.
818 1223 955 1272 Datismum
971 1225 1067 1273 fecisse.
1099 1229 1161 1275 Natu
1180 1245 1213 1277 ex

88 1282 231 1332 scholiastes:
247 1285 456 1346 μονομαχήσαντας
467 1288 480 1332 d
492 1286 576 1335 Kalos
586 1287 626 1336 καὶ
659 1283 706 1332 illis
716 1285 883 1332 barbarismum
896 1295 1010 1335 vocarunt
1026 1296 1111 1351 postea
1130 1291 1211 1339 Datis·

88 1347 185 1408 Βρασίδαν
193 1348 313 1406 ἀλλήλους
324 1349 426 1398 ἀνεῖλον.
458 1349 515 1396 Non
525 1353 624 1397 teutho·
658 1364 732 1396 urum.
772 1349 802 1396 Iu
818 1349 887 1396 Sudre
899 1349 989 1412 [Scin]
999 1353 1151 1401 collectaneis
1161 1371 1215 1402 rer·

88 1411 168 1458 noritice
182 1413 211 1459 de
226 1413 319 1461 Cleone
334 1413 503 1475 Thucydides:
522 1429 577 1461 nam
588 1429 625 1461 ee-
658 1426 699 1458 aus
718 1411 756 1460 hic
775 1413 897 1474 Aristoph.
914 1415 948 1460 sic
966 1415 1064 1476 legiturs
1084 1417 1114 1464 bs
1130 1417 1213 1478 ἥδομαι

88 1473 174 1520 cundum
189 1492 241 1524 euru
256 1477 327 1539 periit
345 1475 420 1524 Cleon
439 1477 534 1538 lugiens
550 1475 625 1539 pelta·
659 1475 698 1524 sat
708 1474 819 1538 χαίρομαι
829 1475 1002 1540 κεύφραίνομαι.
1027 1479 1088 1534 Qoae
1099 1479 1155 1526 milti
1164 1483 1212 1530 lec·

88 1542 123 1582 stc
143 1537 255 1601 cujusdam
275 1539 391 1602 lllyrciirii
408 1551 495 1596 maou3
516 1544 557 1587 sed
579 1541 625 1588 iste
658 1539 692 1590 tio
702 1553 752 1586 non
763 1539 856 1586 ridetur
866 1555 920 1588 esse
931 1541 1108 1602 Aristophanis,
1117 1559 1174 1591 nam
1188 1553 1214 1594 et

87 1600 212 1649 Scholiastcs
237 1604 339 1650 multam
359 1603 518 1665 ignorantiam
538 1605 625 1666 prodit.
657 1601 943 1712 iuPlutohabesthtiS]
959 1605 989 1654 los
1006 1605 1090 1665 ἥδομαι
1105 1607 1144 1655 καὶ
1160 1608 1212 1671 τέρ-

87 1663 193 1712 Piniana.
474 1695 475 1700 =
658 1683 739 1726 παμαι,
752 1672 778 1712 ut
789 1668 813 1715 h.
824 1668 842 1713 1.
876 1667 1211 1732 mcumttolxclpoputtreb·

113 1731 163 1782 286.
178 1729 228 1776 Nec
247 1731 271 1776 h.
290 1731 307 1778 Ι.
330 1731 385 1778 ἴσως
403 1731 475 1776 habet
492 1729 624 1786 dubitandi,
657 1730 808 1790 ppalrouara
818 1730 1142 1794 Rav.recepit1nr.,rccte,
1161 1737 1213 1798 opi.
1229 1771 1248 1806 κ

87 1791 121 1835 sed
141 1791 260 1840 affirmandi
283 1794 348 1840 risu:
372 1793 476 1854 prolecto
494 1793 556 1840 bene
577 1795 624 1840 hoc
658 1793 803 1840 nonDruo.
835 1793 910 1842 Ridet
920 1795 1039 1857 peregrini
1048 1797 1151 1846 hominis
1159 1799 1212 1846 bar·

88 1855 352 1966 creuerittplquassropter
369 1857 431 1902 bono
449 1863 527 1903 estote
538 1856 624 1914 auimo,
657 1857 754 1970 barssiprp,
775 1864 875 1975 {iffi
885 1857 1056 1968 notalt3Dpsres.
1069 1860 1141 1971 Mipcc.
1152 1861 1213 1911 cris.

88 1931 173 1965 rosmor
205 1934 237 1966 es.
274 1935 334 1968 ruo.
535 1953 540 1960 -
676 1952 682 1966 .
744 1951 750 1966 .
799 1936 815 1966 u
874 1935 927 1968 oao.
962 1935 1107 1977 urouum,u
1133 1939 1164 1970 uu
1182 1941 1212 1974 uo

115 1985 164 2030 ast.
178 1983 212 2030 Fl.
223 1983 277 2030 Chr.
292 1964 406 2044 bricam.
418 1983 501 2030 Bnnr.
521 1983 624 2048 ἀπόφερε
656 1935 775 2036 iiebeterm
794 1983 884 2030 mireris
894 1983 981 2045 fugisse
994 1983 1023 2030 ad
1033 1985 1144 2047 Sophocl.
1154 1940 1211 2039 tid.

90 2039 117 2088 st
134 2045 203 2102 σκεύη.
231 2047 354 2094 Mendose
376 2047 402 2094 iu
422 2047 623 2111 librisldrrdoopr,
657 2047 797 2094 colloco.
807 2044 1087 2109 τέρπομαι.ἐὺφραίνομαι
1097 2049 1163 2098 snid.
1173 2053 1212 2100 ed.

89 2107 143 2165 quod
153 2110 202 2171 quid
218 2111 247 2157 sit
268 2111 311 2157 rel
328 2110 460 2172 significare
476 2113 560 2172 possit,
579 2129 623 2174 ego
656 2111 704 2159 Me.
718 2111 758 2158 νῦν
767 2109 931 2158 ramosas.
980 2137 982 2140 ·
1242 2143 1248 2146 -

88 2171 402 2233 cuuigoorautissimisscio.
429 2173 549 2234 Simplicis
560 2175 624 2238 φύρα
689 2179 747 2222 292.
763 2175 814 2220 Νῦν
835 2172 1035 2223 ἐπὶν-καλόν.
1069 2175 1144 2238 Supra
1154 2182 1212 2227 977.

87 2232 285 2298 nullusiguificatio
298 2239 429 2285 hiclocum
441 2238 529 2286 habere
542 2240 625 2302 possit.
657 2237 743 2286 Basso.
780 2237 884 2300 Tropice
901 2237 973 2284 verba
993 2237 1137 2300 significant:
1161 2241 1212 2304 jam

87 2293 151 2344 Vertit
166 2299 299 2363 Berglerus‚
319 2302 387 2350 ablue
397 2302 446 2348 hoec
456 2317 520 2350 occa.
552 2302 624 2358 Quod
658 2301 736 2364 decet,
750 2303 848 2349 remotis
857 2300 910 2348 istis
920 2302 1079 2350 turbatoribus
1089 2302 1212 2353 civitatum

85 2357 208 2420 imprudens
215 2366 312 2412 retinui.
340 2364 409 2412 Nihil
418 2373 476 2424 erat,
486 2367 549 2426 quod
560 2367 625 2414 ablui
656 2363 717 2412 inire
730 2379 821 2426 pacem,
839 2365 976 2426 priusquam
987 2365 1047 2412 alius
1056 2366 1108 2428 quis
1119 2367 1212 2416 turbare

85 2436 249 2474 necesseesset.
280 2430 415 2488 Moretum,
426 2428 490 2490 quod
499 2429 626 2477 miscuerat
657 2427 1213 2491 eamrtususconetur-ppdyparouegotiahel-

84 2485 185 2548 Πόλεμος,
203 2493 317 2554 quodque
325 2491 377 2552 jam
388 2492 557 2538 conterendum
568 2505 625 2548 arat,
657 2492 704 2538 lica
715 2497 740 2536 et
750 2491 865 2536 molestie
876 2505 939 2536 nuuc
951 2492 1068 2552 dicuutur,
1081 2499 1107 2538 et
1118 2493 1212 2554 ἐξελκύ-

83 2563 131 2596 saue
151 2555 229 2616 projici
248 2557 353 2603 uolebat.
386 2555 528 2602 Illortarium
544 2555 625 2616 itaque
658 2571 698 2602 cor
710 2553 762 2600 ecil.
772 2567 801 2598 ex
812 2558 886 2600 antro.
895 2552 978 2600 Dino.
1006 2553 1211 2617 Cod.Rar.opir.

48 2627 54 2632 ·
84 2627 124 2662 non
132 2625 221 2677 poterat
230 2619 306 2666 ablui.
332 2617 383 2664 Iste
394 2618 491 2664 domum
500 2617 626 2666 introferri
658 2616 699 2665 Io.
1208 2649 1210 2656 ·

78 2673 138 2736 jubet
154 2687 178 2726 et
193 2682 288 2738 serrari,
307 2682 385 2728 donec
403 2679 519 2742 pistillum
536 2680 626 2730 lecerit.
691 2684 748 2728 995.
768 2679 823 2742 πρὶν
844 2677 931 2742 ἕτερον.
974 2679 1125 2728 Alcibiadem
1145 2685 1211 2730 haud

84 2739 138 2788 veut
155 2743 244 2800 debuit,
258 2761 317 2808 copo
327 2757 411 2792 rursus
425 2745 475 2792 hoec
484 2758 539 2792 ousc
555 2760 627 2806 cuque
658 2741 811 2804 proculdubio
833 2743 952 2804 intelligit,
971 2743 1013 2804 qui
1029 2757 1091 2790 anuo
1103 2749 1142 2792 rs.
1152 2746 1210 2794 belli

81 2803 217 2865 itlrvouscr.
245 2809 285 2856 Sic
297 2808 364 2856 Simo
374 2807 442 2854 initio
453 2806 561 2862 Andriae,
580 2808 626 2858 Voa
658 2805 991 2868 Peloponnes.rereineunte
1006 2805 1211 2868 Argosproiectns

79 2867 152 2918 ortos
170 2872 233 2920 iutro
253 2873 356 2931 cosme.
374 2871 495 2918 Bauucr.
536 2871 625 2918 Emen-
658 2877 706 2932 est,
730 2876 755 2916 et
775 2870 831 2916 inde
853 2870 962 2917 assumtis
983 2870 1053 2917 sociis
1075 2869 1106 2916 ad
1127 2871 1210 2921 Petras

80 2929 343 2982 dationemconfirmarit
353 2935 407 2982 cod.
418 2932 479 2980 Rsv.
500 2932 546 2980 His
555 2933 625 2982 dictis
659 2948 733 2995 usque
751 2933 866 2994 pervenit,
885 2943 911 2981 et
928 2933 1076 2981 Patrensibus
1087 2937 1212 2996 persuasit,

82 3007 144 3040 scena
154 2997 261 3045 Polemos
272 3005 299 3046 et
307 2997 434 3060 Cydosmos
445 2998 560 3053 exierunt,
566 2999 624 3062 Try·
659 3005 688 3070 ut
696 3011 774 3044 muros
784 3013 859 3059 usque
879 2997 910 3044 ad
924 3013 989 3044 mare
1006 2997 1170 3062 extenderent,
1186 3008 1211 3047 et

79 3059 624 3191 “lttbzllltiltllbhltlh..
658 3059 1209 3186 titththltlylltltbttlhm·

81 3187 199 3234 rumducis
209 3189 252 3236 sub
270 3189 347 3236 Dario
364 3187 497 3234 cautionem
513 3196 583 3236 vocat
599 3197 626 3236 et
690 3191 747 3236 299.
763 3187 834 3234 Nunc
845 3187 942 3234 senariis
953 3189 1085 3235 succedunt
1097 3191 1210 3237 trochaici

79 3245 227 3300 Athenienses
246 3252 275 3300 id
297 3267 409 3314 usurpare
428 3251 489 3298 false
506 3252 625 3312 taciteque
658 3250 792 3298 catalectici
802 3255 843 3298 49.
861 3265 935 3312 usque
954 3249 985 3296 ad
1003 3251 1062 3296 illud
1078 3251 1117 3298 isal
1126 3254 1208 3315 βοᾶτε,

80 3311 166 3369 iudicat,
183 3315 199 3363 i.
218 3333 241 3364 e.
258 3331 346 3378 spurca
362 3316 448 3364 lucere.
480 3315 543 3362 Nam
563 3315 625 3363 illud
658 3327 710 3374 qua
725 3321 763 3360 est
780 3313 870 3362 ἔκθεσιο
886 3314 1036 3360 dimetroruru
1058 3315 1208 3362 catalectico-

80 3374 194 3436 δεφόμενος
214 3379 279 3426 uude
302 3387 404 3426 nostrum
428 3379 531 3440 dcpsere,
558 3387 625 3426 notat
657 3390 716 3422 rum.
748 3378 891 3435 Scholiastes
908 3380 949 3423 38.
964 3383 1057 3422 tantum
1072 3384 1147 3434 notat,
1167 3381 1209 3427 sed

78 3437 205 3498 foeditatcm,
224 3457 298 3506 quam
315 3450 408 3506 patrare
419 3441 510 3490 solebat
519 3450 625 3505 satrapes
657 3439 742 3502 incipit
759 3441 789 3486 ab
809 3439 868 3495 illis,
891 3440 958 3502 δεῦρο
974 3441 1029 3495 πᾶς,
1047 3449 1071 3486 et
1089 3441 1131 3488 hos
1150 3439 1209 3490 duoi

77 3500 121 3565 ille,
137 3521 189 3553 cum
199 3509 265 3554 diem
275 3507 410 3554 diffinderet
425 3521 506 3552 somno
517 3507 627 3553 insititio.
657 3519 736 3550 versus
769 3519 797 3550 ro
813 3501 912 3561 εἰσθέσει
920 3503 1014 3550 videtur
1023 3505 1152 3566 accepisse.
1163 3506 1209 3554 Fu.

78 3563 137 3614 Tunc
147 3571 207 3618 enirn
222 3571 324 3634 jacebat
340 3579 404 3618 satur
413 3575 439 3616 et
448 3571 556 3632 supinus,
571 3585 625 3632 per·
659 3567 727 3615 eos.
759 3585 812 3628 μοις,
825 3569 922 3628 ligones.
954 3567 1018 3614 Vide
1029 3567 1209 3618 Salmasiumad

77 3633 175 3690 trudeus,
197 3643 225 3682 ut
235 3635 271 3682 ait
283 3635 401 3689 Catullus,
419 3633 566 3695 tunicamque
573 3635 625 3696 pul·
658 3631 723 3678 Hist.
732 3630 798 3694 Aug.
809 3647 832 3693 p.
842 3636 898 3680 ³37.
914 3630 1034 3678 Bnuucr.
1125 3656 1129 3667 ι
1211 3645 1214 3652 ·

77 3691 186 3756 littteras
208 3699 277 3760 quod
288 3697 359 3744 etiarn
370 3698 401 3744 de
412 3693 520 3760 Cyclope
531 3697 626 3760 Euripi·
691 3700 748 3744 909.
763 3694 852 3754 ἀγαθοῦ
861 3693 975 3754 δαίμονος.
993 3695 1094 3762 Videtur
1104 3694 1210 3742 alludere

78 3755 247 3808 deoduinus.
260 3761 332 3809 cus.
658 3757 690 3803 ad
714 3775 770 3806 eum
791 3773 878 3806 morem
903 3766 1019 3813 veterum,
1047 3773 1120 3819 quern
1142 3763 1210 3804 notat

104 3825 156 3870 291.
171 3825 210 3872 aul
232 3824 357 3888 χαίρομαι.
389 3823 453 3879 Quia
467 3824 580 3872 barbarus
602 3830 627 3870 et
659 3819 813 3870 scholiastes.
854 3821 899 3868 Ait
918 3822 980 3868 enirn
1001 3821 1028 3868 in
1048 3820 1209 3888 conviviorum

76 3880 208 3949 Paphlugon
217 3889 269 3936 fuit
285 3888 362 3936 Cleon
372 3887 524 3942 etBrasidas‚
538 3896 565 3934 ut
580 3887 627 3934 La·
659 3886 782 3948 principiis
792 3885 874 3932 solitos
884 3886 1015 3947 ἑπιρῥοφεῖν
1030 3880 1212 3942 &quassatio-1
1287 3899 1291 3908 ¹

76 3947 240 3999 cedaetuouiuus
258 3951 339 4006 decet,
360 3957 422 3999 teste
431 3951 529 3998 AElisno
539 3951 582 4014 [V.
594 3951 627 3997 H.
660 3965 707 4010 vos,
719 3958 744 3996 et
751 3949 822 3996 libare
830 3951 897 3996 bonre
906 3949 1004 3995 fortuna
1014 3963 1021 4004 ;
1030 3947 1056 3992 in
1067 3947 1112 3992 line
1119 3959 1174 3992 raro
1184 3954 1211 3992 et

75 4012 162 4072 sii-ott.
172 4023 301 4078 proeenutc
310 4015 387 4062 Thuc.
396 4015 429 4062 iv.
441 4015 492 4076 sd]
503 4015 628 4076 imperitus
660 4011 764 4060 abitione
773 4011 847 4062 πίνειν
858 4012 914 4060 Διὸς
924 4013 1049 4071 ‹rorrirpon¹
1074 4009 1113 4055 Sic
1123 4008 1209 4058 bouaru

75 4071 342 4142 [dicendi],propterea
353 4080 398 4125 huc
409 4079 579 4126 barbarismum
590 4080 628 4125 in·
660 4073 789 4134 Fortunam
798 4077 880 4140 praeire
893 4076 1017 4139 jubebant,
1031 4070 1114 4146 Jorem
1125 4072 1210 4120 libera·

74 4135 143 4187 duxit.
177 4143 237 4190 Non
249 4143 476 4205 mirumeatautem,
494 4141 629 4190 Persamin
659 4145 738 4186 torem
747 4140 819 4188 exire.
851 4139 924 4186 Hunc
933 4135 1108 4184 sensumehcro
1118 4151 1147 4183 er
1158 4151 1211 4184 ver-

28 4251 30 4262 1
74 4196 151 4251 Graeco
159 4219 274 4254 sermone
287 4205 402 4267 hospitem
412 4205 628 4266 esse3itnqueDa-
660 4202 697 4250 bis
706 4203 795 4266 schol„
812 4203 911 4264 inquis
927 4200 1025 4246 libenter
1034 4197 1136 4260 legerem
1147 4202 1209 4248 berr-

75 4266 101 4312 tis
110 4267 179 4315 Persa
190 4279 218 4316 et
228 4270 346 4317 barbarus
357 4269 474 4332 sperabat,
492 4283 543 4316 sese
563 4269 628 4316 miri·
661 4265 780 4324 νήσαντες,
791 4281 838 4312 nou
848 4262 1021 4326 δειπνήσαντες,
1030 4271 1058 4310 ut
1067 4263 1211 4336 principium

74 4327 305 4387 lceesselocutum
323 4331 629 4381 cumadinstarverborum
660 4329 905 4392 iutelligntconrivii.
929 4327 1211 4390 Adeumigrturmorem

74 4393 148 4454 hono
160 4404 186 4445 et
194 4397 317 4460 τέρπομαι
323 4395 421 4458 raddidit
429 4395 547 4460 χαίρομαι.
573 4397 629 4444 Mc·
662 4410 716 4442 curu
727 4393 817 4442 alludat
826 4391 940 4458 (corrige,
950 4391 1028 4449 sodes,
1043 4392 1128 4440 itemm
1140 4389 1211 4448 rerba
