2914 4904
87 381 284 511 uiolasti
477 442 479 447 ·
555 433 721 502 Etl‘llrtll.
888 449 900 462 ⁴
1068 493 1073 498 .
1165 438 1208 512 63'

84 591 140 654 όμμο,
167 583 315 650 tinentiis,
332 610 386 642 cum
400 587 512 658 putarem
528 597 614 646 distin
649 600 697 648 siut
707 601 800 664 exigue
811 602 958 667 infirmaque
969 613 994 653 et
1011 608 1088 655 seatio
1099 615 1124 656 et
1135 610 1204 658 nimis

84 657 199 717 guendum:
214 656 325 722 τοῦηόρς
343 661 531 709 ut-lllercurius:
549 663 613 724 οἵχε-
648 665 789 728 pstelacio),
808 669 849 714 sed
868 670 976 730 proiecto
993 673 1084 719 erudito
1100 673 1135 720 illi
1151 675 1203 723 viro

83 737 115 767 τοι
122 721 249 783 ὑφ’όρμοτ*
260 725 343 779 ἑλθὼν,
359 732 387 772 ut
404 725 435 772 sit
450 722 512 788 όρμο
521 743 557 774 τε.
571 727 588 773 F
591 743 614 774 n.
647 730 751 777 tenebrae
763 737 831 778 erant
840 732 866 778 in
877 733 920 780 illo
938 733 1065 782 Censorini
1081 737 1143 792 loco,
1153 755 1202 787 ue·

84 783 141 832 Cur.
167 787 202 832 lte
217 783 299 836 in'ed.
317 788 388 835 Kust.
412 789 475 836 Num
494 791 614 839 inedlil.
648 791 693 853 que
715 795 776 842 deus
795 794 838 842 ille
858 797 871 843 d
893 797 938 855 την
957 799 1203 864 campocunanae

82 847 129 896 cn.
138 845 224 912 όομοτει
235 859 260 898 et
269 852 294 898 io
307 851 400 916 Cot-rig.
417 847 479 915 όμμυ
488 873 520 902 τι.
531 855 613 902 Dran.
646 855 738 916 τόμνυν
750 857 804 906 tatu
818 862 923 909 secundo
934 877 988 910 euru
1003 863 1092 912 lumine
1107 866 1200 914 efflave-

84 912 150 959 Srhol.
160 914 222 976 dicit,
239 917 304 964 hunc
315 929 409 964 versum
421 933 474 965 esse
485 934 514 965 ex
531 920 613 967 Belle·
646 929 690 968 rat.
724 922 795 978 Quod
806 922 889 985 siquis
900 927 949 974 haec
959 941 1008 974 non
1018 931 1148 976 necessario
1159 931 1200 979 hic

82 978 136 1038 toph.
152 978 226 1042 Eurip.
246 981 377 1043 AEsobylus
398 981 478 1028 Proin.
495 987 552 1032 464.
574 984 613 1045 ὑφ’
647 987 735 1044 scripta
752 987 878 1043 existimet,
896 1005 943 1037 nou
962 991 1030 1039 valde
1048 1002 1129 1040 contra
1145 1010 1201 1056 per·

79 1038 146 1100 ippss'
161 1042 249 1103 όῃογον
268 1043 390 1104 φιληνίους
408 1046 508 1094 τύλους.
527 1047 611 1094 Baro.
645 1049 752 1098 tendam.
785 1051 831 1097 Sed
848 1059 930 1100 tamen
939 1061 1020 1116 petam
1030 1057 1060 1103 ab
1071 1073 1109 1119 eo,
1127 1065 1153 1104 ut
1162 1061 1199 1107 vi·

81 1103 612 1172 Vid.llesych.¹amnstt1‘tpnms:ssd
645 1113 725 1160 cissin
742 1114 870 1177 existimet,
888 1133 926 1164 rna
947 1133 994 1165 non
1017 1120 1070 1167 sine
1092 1122 1199 1182 legitima

79 1167 188 1217 hicmalim
196 1171 377 1237 όιοτρσβηφομεῖ.
388 1169 471 1223 Brun.
645 1191 717 1226 cause
725 1178 854 1240 impulsum
865 1189 892 1227 ut
901 1183 987 1230 chartae
1001 1185 1056 1231 huic
1063 1185 1198 1234 ¹counnitte·

103 1230 151 1280 708}
166 1235 316 1297 reversiones.
347 1237 435 1298 Utpote
451 1239 609 1298 τοιδόςὲητσι-
643 1255 700 1288 rem.
733 1241 786 1290 Hoc
815 1251 908 1291 tanturn
935 1245 1030 1305 dicam
1057 1249 1198 1310 ignorantia
1242 1259 1246 1266 '

77 1295 166 1354 μηκότος·
185 1301 336 1364 τετριμμένης
357 1301 404 1364 γάρ
435 1312 510 1365 φησιν
531 1306 608 1354 errem
642 1305 816 1372 confessionem!
830 1309 972 1370 profitentur
995 1313 1066 1371 psuci
1096 1322 1197 1363 tentum.

76 1361 124 1416 μεῖν,
134 1369 158 1408 ut
167 1364 222 1412 dicit
232 1381 305 1429 supra
318 1383 342 1413 v.
354 1371 393 1414 ll.
426 1367 516 1416 Notum
529 1381 610 1418 autem
642 1367 694 1430 ugo
712 1371 737 1416 iu
758 1371 802 1418 hac
823 1373 969 1434 professione
992 1375 1108 1423 familiam
1124 1377 1194 1435 duco,

25 1459 27 1468 ,
76 1433 113 1480 est,
126 1427 153 1473 ad
172 1443 228 1490 quos
241 1445 299 1478 usus
321 1429 427 1493 rapuerit
443 1431 609 1496 Ganymedem
642 1447 721 1494 neque
739 1435 913 1482 confessionem
928 1451 1040 1500 unquam,
1061 1439 1081 1486 si
1098 1441 1195 1501 sapiam,

25 1508 27 1535 z
75 1485 164 1549 lupina
180 1503 240 1541 certe
257 1509 317 1548 non,
336 1505 362 1540 ut
375 1495 538 1558 pocillatorem
556 1504 608 1547 tan-
642 1499 789 1554 erubescam,
801 1499 881 1560 potius
891 1501 1054 1562 ignorantiam.
1074 1502 1213 1554 tineas..

25 1573 27 1598 ,1
76 1559 114 1598 tntu
126 1565 214 1616 egerem
229 1557 328 1606 named
339 1559 362 1605 id
377 1573 465 1606 munus
476 1561 609 1610 sufficiebat
641 1561 694 1624 apat
703 1562 742 1610 ed.
750 1562 847 1610 Kuster.
857 1563 946 1611 etAld.
955 1565 1022 1614 Junt.
1034 1583 1052 1615 1.
1062 1566 1116 1624 τιδὴ
1125 1568 1195 1618 Just.

76 1614 198 1684 Mercurius,
212 1626 261 1682 adt,
281 1625 301 1670 si
313 1623 333 1669 is
344 1625 408 1670 esset
424 1624 494 1670 nimis
504 1639 607 1689 occupa·
643 1627 764 1674 rr.Poas.
1036 1652 1039 1660 ι

25 1693 30 1730 i
73 1685 110 1734 tus,
130 1683 197 1731 Hebe.
214 1684 367 1749 [ἂμβροσόσν.
406 1687 606 1752 Voluitadrpor.
660 1695 731 1740 Ι712.
749 1690 885 1748 ἑστηκότες.
914 1692 1195 1744 FacileestesScholie·

25 1766 29 1793 1·
73 1741 110 1790 Sed
120 1747 469 1800 maledicentissimuscomicus
480 1759 505 1800 et
516 1755 606 1818 Satyri·
640 1759 678 1800 etu
698 1755 805 1802 divinare
827 1755 954 1818 legendum
976 1757 1109 1815 ἐστυκότες,
1129 1763 1194 1822 quod

25 1829 28 1857 r
73 1811 176 1858 cusanam
184 1813 240 1862 dces
249 1824 321 1862 aceto
331 1829 374 1862 suo
385 1816 515 1878 perfundit.
548 1819 608 1866 Vult
640 1819 866 1866 noset'umdudurn
877 1819 1193 1886 animadvertimusetprae·

25 1895 28 1922 i
74 1873 126 1919 enim
134 1875 272 1940 Ganymedis
285 1877 372 1943 κόπρον
381 1895 434 1939 esec
450 1879 466 1929 J
468 1882 505 1926 uvi
524 1881 606 1931 όνθοσ-
641 1886 705 1927 teres
717 1835 832 1930 (iantarua
842 1885 936 1930 monuit
947 1885 971 1930 in
982 1885 1029 1932 nris
1037 1887 1107 1933 notis.
1129 1887 1194 1937 Nant

25 1961 27 1987 r
71 1933 121 1992 μόσν,
130 1947 153 1986 et
163 1955 216 1990 saue
227 1952 373 2006 eo-spectat,
390 1943 455 2005 quod
464 1944 533 1992 initio
548 1947 608 1996 dirit
640 1945 697 2006 quia
707 1947 768 1993 duas
778 1953 860 1994 secum
869 1948 923 1994 illas
938 1946 1024 2011 πόρνος
1038 1949 1153 2006 adducit„
1164 1952 1194 2000 rb

25 2023 27 2048 ε
74 2001 220 2067 uastissimis.
253 2009 327 2070 Piget
335 2009 361 2054 in
377 2008 518 2070 flagitiorum
533 2010 606 2058 iuter·
640 2007 720 2058 στόειν
731 2011 807 2073 (quod
817 2027 903 2058 nomen
913 2026 1034 2072 uunquam
1043 2013 1193 2076 indigitatum

25 2097 27 2100 -
70 2068 181 2129 pretatione
201 2073 303 2119 ulterius
324 2072 445 2134 ingenium
468 2075 597 2124 extendere
640 2075 713 2120 estin
728 2075 952 2129 sucnsVestalium
968 2091 1021 2138 quse
1034 2086 1110 2135 nupta
1120 2080 1194 2128 rerba

70 2126 109 2176 imo
125 2133 191 2180 tedet
210 2140 326 2198 obestque
344 2135 428 2196 magis.
450 2136 495 2183 Fa.
518 2113 606 2201 Comi
640 2151 688 2184 non
702 2139 797 2201 amant)
809 2139 908 2208 maxime
926 2141 963 2186 lric
981 2147 1020 2187 est
1035 2142 1193 2203 propriumet

70 2191 134 2241 Sebol.
148 2197 273 2262 ἀμβροσίου
295 2199 348 2248 tert
366 2200 418 2254 τοῦ,
446 2199 493 2258 τὴν
511 2202 605 2266 κόπρου.
639 2203 791 2250 οοιιυειιὶςιις.
823 2203 914 2250 Tamen
931 2205 1030 2266 propius
1051 2205 1192 2256 Scholiasta

70 2253 112 2303 Noc
121 2263 177 2321 apud
187 2265 243 2312 deos
254 2265 360 2312 manenti
377 2265 495 2312 scarabaeo
511 2268 605 2316 suavius
638 2265 711 2312 verbu
727 2267 830 2321 rimanti,
856 2267 897 2330 qui
915 2267 949 2314 ait
968 2269 1097 2316 dicendum
1117 2269 1192 2320 fluisse

69 2321 178 2386 quidquam
188 2329 236 2375 dari
251 2336 357 2392 poterat,
367 2327 436 2390 juxta
450 2329 521 2385 illud,
540 2333 605 2394 quod
639 2328 748 2386 ἑστῶτες,
767 2331 824 2378 milri
834 2331 928 2378 videtur
944 2331 975 2378 de
991 2332 1109 2380 industria
1118 2349 1200 2398 prop,

68 2385 118 2432 dixit
139 2389 235 2440 famulus
250 2393 326 2440 initio
341 2393 437 2448 fabulae,
462 2393 544 2455 ἑτέραν
565 2396 605 2446 δός
636 2401 842 2456 ἲθιθιιρθῦῒιῒεῐιι
859 2401 885 2442 ti
899 2395 1030 2456 expefiiffl
1040 2397 1128 2444 Pwtm
1139 2399 1191 2446 dio·

69 2449 136 2499 τοιδός
150 2453 484 2518 ἑποιρηκότσς·’τετμμμὲνηε
502 2475 526 2506 κ.
542 2469 603 2509 m..
636 2458 686 2504 tum
707 2457 843 2516 ἑστηκότες,
871 2459 979 2520 nihilque
1005 2469 1088 2520 muto;
1110 2477 1190 2526 neque

67 2511 167 2565 Buoacr.
208 2523 237 2570 In
264 2523 345 2569 schol.
373 2521 454 2584 ἑτέραν
480 2522 517 2570 bis
543 2523 603 2573 ΑΜ,
635 2523 773 2584 negaverim
783 2524 897 2570 adludere
911 2523 1096 2586 Aristophanem
1112 2529 1142 2573 ad
1159 2528 1190 2574 il·

66 2575 133 2627 Pors.
307 2597 310 2602 ·
636 2585 679 2632 lud
695 2587 844 2648 flagitiosum.
876 2585 922 2634 Sed
942 2589 1049 2649 proiecto
1069 2591 1143 2638 etiarn
1160 2590 1190 2638 τὸ

90 2647 139 2692 709.
155 2635 235 2711 triplici.
262 2650 305 2698 Sic
328 2650 399 2698 scribi
418 2650 509 2698 debuit.
535 2652 603 2701 lliule
635 2653 699 2698 sture
720 2659 827 2704 nonest
846 2651 1008 2698 inobsctenum
1023 2660 1048 2699 et
1064 2653 1131 2700 ruber
1148 2655 1190 2701 ille
1216 2671 1221 2682 ¹

63 2708 290 2776 nrlgotdpou‚quod
300 2714 602 2778 Tragiuisrelinqueudum.
635 2714 755 2762 hortorum
772 2715 833 2762 deus
849 2729 897 2762 non
912 2723 1000 2761 temere
1019 2715 1045 2762 io
1063 2715 1191 2764 Catalectis

63 2768 165 2822 Bronor.
198 2777 365 2842 Perperamin
382 2779 421 2826 ed.
440 2779 508 2842 Lips.
524 2788 602 2830 estex
630 2776 721 2840 jocosis
750 2785 847 2827 vocatur
876 2783 954 2827 stator
973 2779 1120 2828 libidinosas.
1143 2781 1189 2830 Fr.

64 2832 116 2883 Rev·
125 2837 200 2901 τόρσεο
209 2842 302 2898 datum,
320 2844 383 2905 quod
394 2842 465 2890 nihili
475 2852 521 2892 est.
551 2845 602 2893 De·
635 2841 704 2889 Gan.
727 2843 856 2906 Perperam
873 2842 898 2888 in
911 2841 941 2889 A.
958 2843 1094 2900 ἑστηκότες.
1131 2844 1189 2892 Fre·

63 2897 135 2950 buarat
144 2912 204 2952 certe
214 2906 297 2970 θόροευ
305 2907 459 2955 εςςε.1)ιιιο.
590 2935 597 2944 -
635 2921 710 2968 quens
728 2907 781 2959 ista„
794 2909 944 2970 permutatio.
969 2907 1026 2954 Vid.
1048 2910 1078 2954 ad
1093 2908 1188 2957 Tmen.

88 2967 137 3013 tlt).
151 2967 368 3033 τόόητυρόόιην.
396 2972 538 3034 Legendum
547 2973 601 3031 τηδὶ
636 2973 692 3018 loe.
718 2971 838 3018 Bnuucr.
865 2969 993 3020 ἐστυκότες
1014 2971 1072 3020 Gul.
1091 2972 1189 3021 Canen

63 3024 147 3094 [epil]
178 3034 238 3082 Vult
248 3043 331 3082 autern
339 3036 418 3082 Schol.
428 3035 473 3093 την
484 3035 539 3084 θεὸν
549 3051 603 3086 esse
634 3032 690 3081 Ver.
701 3035 796 3083 Lecto.
808 3039 831 3084 3.
842 3041 868 3082 et
875 3036 914 3084 sio
929 3035 983 3084 Ald.
993 3034 1091 3083 Kuster.
1101 3043 1128 3083 et
1137 3051 1187 3084 em·

30 3115 34 3130 ·
61 3089 187 3161 Minervam,
203 3099 274 3162 cujus
293 3101 371 3161 imago
392 3099 483 3160 eratin
501 3102 603 3150 theatro.
633 3096 671 3144 be
690 3099 805 3154 tumtum
824 3100 965 3146 scholiastes
981 3099 1018 3146 bis
1039 3100 1065 3146 iu
1087 3099 1141 3147 Ald.
1162 3109 1188 3149 et

62 3153 180 3220 Nunputo.
212 3163 279 3210 Nam
288 3163 602 3226 Palluspotiuss‘isrdpovel
633 3161 788 3210 luntasad
798 3163 1115 3214 mutaritGeleniusAEoes.

61 3221 160 3281 παρθένος
175 3225 247 3276 dictu.
282 3227 316 3275 Et
332 3227 414 3290 quidni
426 3229 499 3291 ipsam
511 3227 602 3278 Pacem
665 3231 721 3275 ⁷13.
737 3227 875 3288 Sequuntur
902 3227 1038 3289 mspaestici
1057 3230 1188 3276 tetrametri

60 3282 224 3350 intelligimusl
241 3307 285 3354 per
305 3307 376 3354 quom
396 3301 423 3338 et
444 3307 558 3340 aecensus
576 3301 602 3341 et
632 3291 767 3338 catalectici
778 3291 892 3352 quinque.
936 3291 1007 3345 Quod
1018 3297 1120 3364 metrum
1130 3291 1187 3339 Ari·

60 3346 175 3400 descensus
194 3355 285 3418 ubique
302 3355 379 3402 liberi.
394 3382 397 3388 »
412 3357 475 3402 Sane
495 3371 544 3403 non
563 3363 600 3404 te·
632 3354 801 3416 stephanii-um
817 3360 986 3420 utroceretur,
1006 3354 1110 3401 obtinuit
1123 3369 1185 3430 parn-

59 3425 121 3470 mcre‚
138 3424 163 3464 ut
177 3419 271 3481 opinor,
290 3419 400 3466 invenies
417 3419 462 3476 τὴν
482 3419 538 3468 θεόν
556 3435 600 3483 pro
632 3418 730 3474 dudum,
751 3419 807 3480 quia
825 3417 941 3479 plurimus
962 3431 992 3464 eo
1009 3433 1067 3464 usus
1092 3417 1186 3466 Austo-

58 3474 175 3536 Minervas
190 3485 238 3530 nisi
265 3485 296 3531 de
319 3499 348 3530 ea
377 3485 523 3546 precesserit
551 3501 600 3533 eer-
631 3484 739 3543 pisanes;
754 3481 800 3528 etsi
821 3490 877 3528 ante
905 3493 960 3528 eum
980 3487 1005 3526 et
1026 3480 1138 3530 Cratinus
1160 3491 1187 3532 et
1268 3484 1270 3490 '

50 3552 98 3587 mo.
119 3543 185 3592 Solus
193 3548 301 3595 Phoebus
311 3548 420 3604 absolute
431 3547 493 3595 Solis
504 3549 601 3598 nomina
635 3545 790 3608 Epicharmus
806 3545 878 3656 alpos
889 3545 950 3592 adeo
959 3544 1120 3594 Aristoxenus
1138 3548 1184 3604 usi,

58 3603 187 3672 abantiquis
202 3612 346 3674 indigitatus
364 3613 376 3658 d
393 3610 460 3662 tisis:
478 3613 542 3660 unde
553 3613 601 3662 Dei
632 3609 680 3657 iuro
699 3619 724 3657 et
738 3610 830 3658 Telecli
848 3625 874 3658 ee
893 3617 918 3656 et
936 3610 1099 3666 Pherecrates,
1122 3617 1184 3659 teste

57 3681 121 3718 eunus
138 3676 201 3736 apud
217 3675 387 3724 Censorinum.
420 3675 492 3740 Apud
510 3677 600 3726 Home·
631 3673 752 3721 Atheneo
762 3675 804 3721 lib.
812 3675 845 3720 ir.
874 3673 1127 3722 Nonesteutemhaec
1136 3675 1184 3749 Pa·

55 3745 101 3778 run
116 3737 143 3782 de
158 3738 238 3786 insula
249 3739 312 3794 Solis
326 3739 399 3788 habes
414 3741 438 3786 tn
451 3740 531 3804 Ulyss.
547 3744 601 3790 θεοῦ
630 3739 721 3786 rahasia
737 3737 781 3786 sed
797 3739 877 3801 potius
897 3737 1066 3814 communion:
1084 3753 1140 3812 ιιιιιι
1155 3753 1183 3812 ιιι

55 3797 119 3853 νῆσον
128 3799 220 3861 Ικόμεθ.
256 3805 312 3861 Qua
321 3804 351 3851 de
367 3820 393 3852 re
405 3803 502 3852 dubium
514 3811 540 3852 et
550 3807 600 3852 hn-
630 3803 739 3864 parabaei
755 3801 844 3865 τελείᾳ,
866 3810 893 3849 ut
908 3817 966 3877 mpr
984 3810 1098 3876 eeantur,
1117 3801 1184 3862 Epir-

54 3861 153 3913 silentem
163 3867 263 3916 doctiss.
281 3869 358 3915 virum
379 3869 440 3915 Lnd.
463 3867 600 3925 Cerdonem
631 3866 1072 3929 rbemaetAntepirrberoarnserttur.
1095 3863 1183 3911 ¹Caete-

54 3923 83 3969 itn
101 3931 242 3992 confirmavi,
261 3939 290 3978 ut
310 3947 358 3980 non
384 3932 500 3980 dubitarit
516 3941 601 3996 postea
631 3945 682 3977 rum
694 3932 747 3992 lego
757 3930 830 3991 ἡμεῖς,
841 3945 889 3976 non
900 3931 972 3990 ὑμεῖς.
983 3929 1028 3976 lin.
1039 3929 1108 3976 ens.
1142 3925 1181 3974 cl.

53 3989 176 4050 opinionem
184 4011 263 4044 meam
274 4005 387 4058 tanquam
395 3994 474 4060 κυρόσν
481 3995 550 4058 δόξαν
557 3998 599 4045 ad-
630 3993 759 4042 Hermann.
771 3994 801 4042 de
812 3995 886 4042 Metr.
894 4009 918 4056 p.
928 3997 985 4044 297.
997 4009 1017 4042 s.
1024 3991 1111 4063 ¹Durus.

53 4053 135 4104 mittere
143 4059 169 4106 in
179 4060 267 4108 librum
277 4061 406 4108 mcundum
416 4061 535 4109 Emendd.
546 4064 602 4109 sua·'
657 4063 714 4108 ⁷15.
731 4058 788 4106 Vid.
800 4057 905 4116 Acheru.
916 4062 971 4106 256.
984 4057 1068 4102 Burro.

53 4129 102 4164 mm·
118 4121 177 4169 Curn
188 4125 264 4188 enim,
276 4125 316 4186 qui
328 4132 393 4172 esset
402 4123 450 4172 Dei
459 4139 545 4180 annus.
562 4141 599 4174 me
656 4127 713 4171 716.
718 4119 853 4184 φυλάττετε
858 4122 914 4192 cod.
922 4121 1009 4194 Venet.
1014 4117 1123 4180 φόλονττε
1129 4119 1183 4168 cod.

53 4185 182 4251 consuleret,
199 4203 249 4237 noo
261 4190 339 4236 solum
356 4205 384 4236 ex
395 4189 519 4237 Herodoto
532 4191 599 4238 locos
630 4184 694 4234 Rev,
706 4183 1012 4260 otamqelrniquihbu
1022 4183 1184 4260 ΒῐΝῐιιΑΗιι·

53 4242 243 4300 intestimonium
254 4253 336 4309 citavi,
345 4252 464 4301 sedunico
475 4253 599 4316 Euripidis
629 4251 672 4314 qni
685 4251 772 4298 chorus
786 4251 880 4297 videtur
895 4263 969 4295 unum
986 4262 1000 4294 e
1016 4247 1119 4324 famulis,
1141 4263 1183 4323 qur

54 4321 119 4368 'mur
136 4321 208 4378 quem
224 4317 320 4364 Ennius
338 4323 448 4372 verterat,
470 4317 599 4366 dubitatio-
629 4313 832 4362 mutiadstabant.
865 4313 927 4359 Naro
937 4311 1181 4388 Trygaeusjamabre·

51 4383 97 4420 nem
112 4393 206 4428 omnem
223 4379 321 4436 sustuli,
341 4381 475 4444 scriptoque
493 4381 522 4428 ed
543 4397 599 4429 eurn
628 4385 673 4426 rat.
689 4378 730 4427 In.
763 4376 872 4446 circius.
895 4377 935 4424 Ita
949 4382 1013 4423 recte
1031 4375 1086 4422 edd.
1103 4383 1182 4450 prrsu-

51 4437 382 4507 miestntinanterprobavi.
413 4444 470 4492 Non
480 4461 530 4493 sum
542 4461 598 4493 ven·
629 4457 682 4490 nee:
699 4455 791 4506 nupera
801 4439 995 4516 oiroicoiinao.
1014 4437 1183 4516 οότοισιᾳςο).

54 4498 128 4552 ditator
142 4505 237 4571 ingenii
248 4503 336 4557 virium
347 4509 414 4576 (que
429 4509 455 4558 iu
473 4525 510 4557 sne
527 4523 599 4575 quam
630 4507 730 4556 αὐτοῖσι
744 4508 837 4558 eamne
859 4506 963 4556 eonnm
989 4519 1037 4552 uon
1063 4510 1102 4551 est
1123 4515 1182 4565 ιμςςς
