2880 4912
223 351 284 416 ado
515 343 637 406 NOTAE
656 343 700 404 IN
721 337 1055 402 aalsrorflnnnm.
1138 326 1140 334 ’
1256 337 1309 414 [V.
1325 343 1372 396 81.

227 518 301 560 tatem
314 511 369 560 olim
382 505 486 557 Athenis
496 506 599 570 quinque
611 503 664 552 dies
673 503 782 552 durasse.
814 500 897 563 stoph.
912 498 990 547 verbis
1001 494 1120 556 Νηττείον
1131 496 1192 546 dicit
1203 495 1310 544 mediam
1318 510 1368 570 essa

226 575 292 626 Nam
303 575 387 624 tertius
397 573 504 620 medinm
522 571 547 618 in
563 584 662 618 numero
673 566 780 632 quinario
813 563 1054 627 Thesmophoriorum
1068 561 1140 626 diem,
1160 561 1204 610 sed
1216 560 1325 624 Hesych.
1335 561 1367 607 dr·

228 625 307 690 loculh
326 647 399 688 tenet.
431 637 538 686 Dubium
548 643 628 683 tamen
641 643 719 680 movet
729 633 781 682 He·
814 635 876 677 serts
887 636 988 691 quatuor
999 627 1090 674 dierum
1101 642 1227 675 numerum
1237 625 1267 673 iis
1279 624 1369 680 tribuit,

229 707 295 781 spch.
307 721 328 752 τ.
338 705 414 770 τρίτη,
435 702 475 766 qui
491 701 522 749 ad
538 700 617 748 locum
630 699 693 746 hunc
704 699 780 760 respi·
813 692 952 742 eteundem
970 692 1079 748 Photius‚
1100 692 1141 755 qui
1158 701 1260 754 quatuor
1280 691 1368 737 dierum

148 811 152 818 .
230 786 294 818 crena
311 767 464 832 quaerendum
483 767 525 828 sit,
542 779 583 812 cur
600 762 781 826 Aristophter-
812 759 910 808 nondun
918 757 1000 812 refert,
1017 759 1176 818 Θεσμοφορίο,
1194 754 1311 809 Kddobos,
1322 759 1368 812 Νη

229 835 290 883 tium
317 833 380 882 diem
404 829 644 894 Thesmophoriorum
665 826 782 874 vocaverit
813 820 1066 882 στείο,Κολλτηένεττι.
1085 821 1312 884 Alciphronautem
1323 828 1369 866 tres

230 897 342 954 medium,
362 913 435 960 quum
447 895 535 942 festum
545 894 603 940 illud
621 901 718 954 quatuor
728 899 781 938 tan-
813 887 864 936 dies
885 887 1001 942 nominat,
1028 902 1126 950 quarum
1150 885 1228 948 prima
1254 897 1295 932 est
1316 883 1369 930 'As-

230 968 279 1010 mm
291 963 382 1010 dierum
392 960 472 1008 fuerit.
490 957 537 1007 Sed
548 963 603 1020 puto
614 957 666 1002 falli
678 955 781 1018 Hesych.
813 953 875 1008 odos,
892 951 1031 1014 posteriores
1042 951 1096 997 duae
1107 966 1162 998 cum
1171 949 1254 997 Photii
1265 948 1368 996 nomini·

229 1033 255 1074 et
266 1043 295 1074 er
303 1027 350 1072 hoc
362 1026 414 1071 loco
425 1033 489 1071 recte
508 1020 619 1070 concludi
636 1034 716 1084 posse,
734 1020 781 1066 fes·
812 1017 857 1064 bus
868 1023 1005 1064 consonant.
1037 1015 1097 1063 Haec
1115 1023 1195 1062 autem
1212 1013 1297 1062 omnia
1310 1013 1372 1062 inter
1429 1059 1430 1066 ,

229 1097 281 1138 tum
290 1089 350 1136 illud
360 1104 404 1152 per
419 1087 522 1149 quinque
541 1085 600 1139 dies,
619 1093 646 1132 ut
656 1091 710 1131 anto
720 1082 781 1132 diri·
813 1097 839 1128 se
850 1079 936 1128 etcum
947 1069 1070 1191 Aristopp.
1082 1079 1284 1127 versuconciliari
1300 1093 1370 1141 possa

230 1169 293 1216 mus,
314 1151 418 1200 Athenis
436 1151 548 1212 agitatum
569 1149 649 1198 foisse.
682 1146 782 1194 Medius
812 1145 872 1192 mihi
883 1145 999 1192 videntur.
1057 1145 1202 1204 amprimum
1210 1144 1313 1205 quidem
1321 1158 1371 1202 qua

229 1225 309 1264 autem
327 1217 384 1264 sesti
393 1215 458 1262 illius
470 1213 521 1262 dies
532 1213 657 1260 uocabatur
667 1211 780 1269 Νηστείο,
813 1209 947 1271 Alciphron
957 1211 1035 1265 refert,
1045 1209 1142 1257 minime
1153 1215 1293 1270 repugnant
1306 1207 1370 1254 Pho·

229 1289 292 1330 teste
301 1281 391 1330 Athen.
402 1277 550 1341 lib.vii.cap.
559 1277 616 1331 xvi„
627 1276 781 1337 qnodoempe
813 1273 841 1320 tii
861 1274 956 1334 verhis;
985 1289 1056 1336 quum
1077 1272 1138 1320 enim
1160 1272 1301 1334 Alciphron
1323 1273 1372 1319 hec

228 1346 339 1392 mulieres
364 1353 415 1392 tum
440 1343 532 1404 reliqua
559 1341 706 1398 castimonia,
730 1349 781 1388 tum
813 1337 892 1386 dicat:
909 1337 924 1396 ἡ
943 1336 986 1398 μὲν
998 1337 1045 1398 γὰρ
1055 1335 1135 1387 ἄνοδος
1146 1337 1208 1386 sard
1219 1336 1264 1396 τὴν
1275 1335 1372 1400 πρώτην

228 1409 299 1456 etiarn
310 1409 357 1456 cibi
368 1407 508 1456 abstinentia
519 1421 573 1452 eum
584 1405 661 1452 colere
670 1404 781 1454 solerent.
812 1400 908 1463 ἡμέραν,
925 1403 941 1461 ἡ
952 1401 1051 1460 νηστεία
1059 1400 1085 1450 δὲ
1095 1401 1125 1450 τδ
1134 1401 1236 1463 τήμερον
1246 1399 1310 1449 τίνοι
1320 1403 1371 1461 παρ’

229 1473 309 1521 Kusr.
320 1471 370 1522 έτεί
381 1470 448 1534 τρίτη
456 1469 503 1519 ’στί
514 1467 678 1531 Θεσμοφορίων
687 1467 702 1527 ἦ
710 1469 782 1528 μέση.
812 1466 940 1525 Ἀθηναίοις
957 1465 1099 1530 ἑορτάζετοτ,
1117 1466 1149 1516 τὰ
1168 1465 1329 1526 κολλιγένειο
1348 1463 1372 1513 δέ

228 1537 295 1584 Nihil
308 1534 684 1601 unquam‘clariurt'uitdictum.¹
712 1533 781 1589 Dies,
813 1531 1021 1590 είττὴνέτιοῦσον
1037 1530 1137 1596 θύουσιν,
1154 1542 1223 1594 patet
1241 1547 1300 1578 cum
1320 1540 1374 1592 post

227 1617 275 1664 qno
286 1603 336 1650 haec
347 1603 384 1664 agi
401 1601 468 1662 lingit
484 1599 565 1662 poeta,
584 1597 781 1658 Thesmophoria·
812 1595 900 1660 ἡμέραν
915 1599 1015 1645 inserere
1033 1597 1148 1660 potuisse,
1165 1593 1225 1658 χθές
1236 1593 1260 1644 δὲ
1272 1594 1289 1653 ἡ
1303 1595 1372 1644 adto-

228 1681 280 1714 rum
291 1675 328 1714 est
336 1665 419 1713 tertius
428 1666 538 1727 idemque
550 1661 654 1710 medius:
672 1677 727 1724 ergo
739 1679 781 1726 per
812 1663 859 1717 δοτ,
871 1661 918 1710 nisi
928 1678 972 1726 per
983 1677 1008 1708 se
1018 1662 1191 1724 intelligeretur
1212 1669 1267 1723 post
1287 1659 1373 1708 duobos

136 1767 141 1784 ,
227 1730 333 1794 quinque
355 1729 406 1776 dies
424 1723 610 1791 Thesmophoria
628 1726 779 1774 celebraban—
811 1727 974 1788 sequidebere
992 1725 1106 1785 κάθοδον;
1123 1741 1180 1773 nam
1197 1725 1243 1772 nisi
1258 1726 1319 1772 haec
1337 1725 1372 1772 in·

228 1803 274 1842 tur.
307 1795 352 1844 Cui
363 1795 394 1842 de
405 1809 500 1841 numero
514 1792 613 1848 diemm,
631 1789 715 1853 quibus
733 1792 779 1839 ses·
812 1791 951 1848 tercederet‚
968 1790 1050 1840 ἄνοδον
1066 1806 1112 1838 non
1131 1788 1192 1838 κατὰ
1210 1790 1256 1848 τὴν
1271 1789 1374 1853 ςρέτττην

226 1865 275 1906 turn
288 1860 331 1908 lroc
343 1859 505 1921 peragebatur,
525 1857 601 1918 magis
614 1855 705 1911 eredas,
724 1853 779 1904 Arr-
799 1853 905 1924 ἡμέραν,
933 1856 977 1904 sed
996 1855 1054 1918 χθὲς
1075 1855 1162 1903 laetam
1182 1870 1236 1902 esse
1258 1854 1373 1902 dixisset.

226 1925 304 1988 stoph.
322 1924 363 1988 qni
381 1923 484 1970 Athenis
504 1921 572 1984 viril,
591 1935 652 1967 anne
673 1920 779 1984 Hesych.
803 1919 882 1976 'Quod
892 1929 969 1968 antem
980 1922 1084 1968 eundem
1094 1919 1157 1967 diem
1168 1919 1273 1966 Photius
1286 1923 1371 1979 θεσμο·

225 1989 269 2052 qui
295 1989 336 2038 diu
356 1995 411 2052 post
431 1987 566 2036 exstinctam
592 1983 779 2034 Atheniensium
811 1983 1371 2048 papiamhlciplrrondrodorvocat,ineonon

224 2053 391 2116 rempublicam
411 2053 502 2114 glossas
512 2065 566 2098 suas
582 2064 595 2096 e
610 2049 680 2096 variis
696 2049 778 2098 lexicis
810 2048 916 2104 offendo,
931 2059 997 2098 recte
1013 2050 1078 2096 enim
1092 2057 1217 2110 utrumque
1228 2063 1324 2094 nomen
1334 2050 1374 2094 uni

226 2125 251 2164 et
258 2118 459 2181 grammaticorum
469 2113 703 2177 scriptiscongessit?
715 2113 778 2162 Vide
810 2111 858 2160 diei
879 2115 1044 2170 conveniebat,
1058 2114 1114 2176 quia
1131 2114 1176 2161 hoc
1195 2111 1236 2160 die
1255 2113 1375 2160 mulieres

226 2197 280 2229 enm
292 2178 778 2245 ἰτιτρίτηθεσμοφορίονοῐρττοῑοτΜοοττ.
810 2179 889 2240 legum
908 2180 1000 2226 tabulas
1015 2179 1116 2226 serentes
1133 2179 1277 2225 Eleusinem
1289 2193 1375 2224 ascen-

226 2245 330 2294 Wessel.
339 2247 369 2294 ad
382 2245 455 2292 Petiti
466 2245 543 2306 Leges
552 2242 644 2290 Atticas
655 2241 778 2308 [p.2st.].
810 2243 908 2292 debant.
939 2245 970 2291 In
987 2245 1033 2292 hoc
1050 2244 1121 2306 igitur
1135 2242 1374 2290 consentientesha-

226 2310 346 2358 Bnuncs.
378 2307 436 2357 Vid.
448 2305 567 2355 Petav.ad
583 2307 741 2354 Themistium
754 2323 779 2370 p.
810 2305 894 2355 hernus
914 2307 1021 2372 Hesych.
1043 2307 1116 2355 Phot.
1134 2306 1246 2368 Alciphr.
1268 2313 1375 2368 quatuor

226 2379 282 2427 408.
305 2383 330 2422 et
348 2375 498 2422 Schoemann.
514 2371 544 2418 de
564 2371 666 2418 comitiis
687 2371 782 2422 Athen,
812 2371 886 2420 fuisse
907 2372 1145 2436 Thesmophoriorum
1165 2371 1237 2430 dies;
1256 2373 1305 2418 sed
1325 2371 1374 2436 jam

226 2454 251 2500 p.
264 2444 304 2487 39.
322 2443 362 2486 50.
381 2437 463 2485 Drnn.
495 2432 654 2498 Quamquam
665 2435 778 2484 Thesmo—
812 2436 976 2486 acceditaliud
987 2435 1115 2501 quoddam,
1133 2435 1195 2499 quod
1206 2442 1233 2483 et
1244 2435 1375 2498 Aristoph.

225 2503 307 2565 phoria
322 2499 712 2568 Pyanepsionemensecelehrata
727 2516 779 2549 esse
811 2500 860 2548 illis
870 2501 988 2565 adjungit.
1022 2502 1116 2550 Primus
1134 2500 1199 2550 enim
1216 2501 1270 2548 dies
1285 2501 1373 2558 festus,

224 2575 324 2623 constat,
342 2567 414 2630 quod,
425 2567 481 2628 quia
491 2581 542 2613 cum
552 2564 663 2611 sementis
672 2571 778 2628 ternpore
812 2561 902 2629 duobos,
929 2568 992 2614 l'esto
1015 2565 1061 2628 ipsi
1086 2581 1135 2612 non
1156 2565 1372 2628 adnumerabatur,

224 2631 408 2744 hradish
422 2627 778 2756 rarttsshlhrssarr
812 2630 869 2742 dl
881 2630 1374 2758 ltdrrrlrrrthhrltkdt

224 2761 308 2818 verint,
320 2761 390 2808 valde
401 2711 543 2807 dubitatur.p
572 2757 603 2804 Et
613 2773 645 2805 ex
655 2757 778 2820 Aristoph.
810 2758 873 2806 inter
884 2759 967 2809 ἄνοδον
977 2768 1002 2808 et
1012 2733 1108 2810 ridendos
1118 2759 1244 2823 interjecto
1255 2775 1373 2807 osseum

225 2821 778 2888 ηοίᾱοπιτοτίτὶτ,έτείτρίτη”στί,Θεσμοφορίων
811 2821 842 2870 do
851 2824 890 2872 dia
911 2825 1041 2888 sejunctus,
1061 2825 1125 2888 qnod
1143 2825 1178 2871 ita
1192 2839 1258 2872 nunc
1276 2824 1333 2887 jam
1344 2839 1374 2870 ex

223 2888 320 2950 ἡμέση,
342 2891 494 2951 conjecerunt
504 2902 594 2942 ornnes,
614 2903 656 2949 per
673 2887 777 2950 quinque
810 2888 962 2952 Alciplrronis
972 2889 1162 2938 verbislaudatis
1179 2889 1297 2951 colligere
1319 2905 1373 2952 pos·

223 2953 275 3002 dies
285 2951 474 3016 Thesmophoria
489 2955 595 3014 durasse,
615 2959 719 3015 excepto
730 2969 776 3000 uno
810 2967 898 3012 sumus,
916 2957 956 3014 qui
974 2955 1043 3002 illum
1056 2963 1103 3001 tam
1115 2953 1239 3000 indefinite
1249 2953 1301 3011 τὴν
1312 2953 1372 3015 προί-

224 3017 315 3074 Petito,
334 3019 375 3082 qui
386 3034 455 3066 versu
466 3017 500 3064 ita
511 3023 609 3071 mutato,
627 3015 678 3064 ἐπεὶ
696 3015 789 3079 τρίτης·
809 3035 854 3075 την
864 3017 950 3080 ἡμέραν
960 3027 1035 3074 vocat,
1045 3019 1071 3065 in
1081 3018 1179 3081 reliquis
1189 3018 1340 3066 hodiernum
1350 3025 1374 3064 et

221 3079 238 3147 p
256 3081 525 3145 Θεομοφορίωνὴμέτη,
545 3092 645 3144 quatuor
661 3081 776 3130 Thesmo-
810 3083 937 3130 crastinum
957 3083 1021 3130 diem
1042 3082 1129 3130 diserte
1150 3081 1249 3129 indicat.
1288 3083 1374 3138 Quum

222 3147 363 3211 phoriorum
381 3147 434 3195 diss
451 3147 525 3194 fuisse
544 3153 620 3208 putat,
640 3161 727 3207 eosque
746 3147 776 3194 ab
808 3145 881 3208 igitur
906 3147 959 3196 dies
979 3149 1016 3195 illi
1036 3147 1107 3210 vulgo
1135 3146 1230 3210 Προίτη,
1252 3147 1374 3210 Δευτέρο,

222 3210 345 3276 Aristoph.
355 3215 382 3260 in
392 3221 440 3260 tres
448 3220 526 3274 partes
535 3210 626 3258 divisos
636 3226 696 3266 esse,
707 3213 741 3258 ita
749 3221 777 3260 ut
808 3209 889 3274 Τρίτη,
908 3211 1014 3277 Τετέρτη
1027 3220 1177 3266 vocarentur.
1199 3211 1314 3273 Δευτέροτ
1331 3213 1374 3260 ills

223 3277 263 3324 hic
274 3277 304 3324 de
319 3277 398 3324 medio
417 3277 502 3324 triente
520 3291 596 3322 sermo
614 3275 653 3322 sit.
686 3276 734 3322 Sed
752 3286 777 3324 et
808 3275 901 3338 proprie
911 3277 985 3340 ipsius
995 3277 1051 3326 festi
1061 3276 1137 3340 prima
1146 3284 1205 3332 arat,
1217 3277 1375 3337 εῑΝηστείο,

135 3342 138 3348 ’
222 3342 263 3389 hic
277 3342 328 3406 jam
344 3341 401 3390 satis
415 3340 668 3388 aWessehresutatus
686 3347 731 3402 est,
750 3351 776 3388 et
809 3355 861 3402 quae
872 3340 1150 3390 totiusfestitertiadies
1168 3347 1231 3401 erat,
1246 3349 1322 3389 necte
1341 3343 1371 3388 si-

221 3405 451 3454 illorumsententiae
462 3405 777 3466 multasuntqureobstent.
808 3405 858 3451 mul
875 3405 953 3454 media
971 3407 1049 3456 vocari
1067 3412 1161 3468 poterat
1182 3405 1251 3452 trium
1272 3407 1373 3453 illarum

157 3515 159 3519 .
220 3469 385 3532 Nsrnsiquid
398 3471 502 3517 medium
521 3484 640 3524 vocamus,
658 3469 775 3532 loquimur
808 3467 907 3530 dierum,
934 3485 986 3532 quse
1010 3472 1097 3519 festum
1119 3471 1198 3532 ipsum
1219 3469 1372 3518 officiebant.

220 3535 361 3597 plerumque
372 3537 401 3582 de
413 3549 451 3595 eo,
469 3531 533 3596 quod
547 3533 652 3580 medium
663 3533 774 3582 estinter
807 3531 916 3582 Forsitan
936 3537 1009 3584 etiam
1025 3535 1051 3582 in
1070 3534 1193 3596 Aristoph.
1215 3549 1291 3582 versu
1300 3535 1374 3598 Τρίτη

222 3599 282 3646 duas
293 3605 344 3660 res,
365 3599 446 3660 itaque
457 3599 487 3645 de
498 3597 569 3646 rebus
581 3598 654 3646 trihus
664 3597 774 3647 dicimus.
807 3596 875 3646 litera
885 3599 1014 3663 majuscula
1022 3609 1135 3663 tanquam
1145 3614 1234 3647 nomen
1240 3601 1372 3662 proprium

221 3662 286 3710 Illud
304 3663 372 3727 τρίτη
387 3671 476 3718 autem,
493 3678 524 3708 ex
544 3677 591 3724 quo
609 3663 661 3710 solo
671 3663 775 3726 intelligi
807 3661 957 3711 scribendum
968 3673 1012 3722 est,
1020 3681 1068 3728 qno
1078 3663 1141 3712 tacto
1151 3663 1229 3712 omnis
1238 3663 1373 3712 difficultas
1432 3685 1433 3696 τ

220 3735 311 3791 potest,
328 3729 359 3776 de
375 3727 480 3790 quinque
499 3725 589 3774 dierum
601 3727 677 3774 medio
687 3743 774 3776 sermo-
808 3727 900 3776 sublata
917 3729 969 3776 erit.
1002 3730 1056 3778 Hoc
1063 3729 1135 3792 igitur
1144 3729 1217 3776 modo
1225 3727 1373 3790 responderi

219 3807 276 3840 nem
287 3809 349 3850 esse,
367 3788 448 3840 nescio
458 3789 576 3856 quomodo
587 3793 616 3861 ad
629 3807 696 3840 aures
710 3807 774 3840 meas
807 3799 887 3854 potest
905 3793 1013 3872 Hesych.
1024 3792 1167 3858 quaestioni:
1184 3791 1307 3856 ζητεῖται,
1325 3797 1373 3842 τοῖς

217 3856 316 3914 accidit,
330 3873 385 3906 nam
404 3857 454 3912 sive
473 3863 648 3920 grammaticam
659 3857 775 3904 rationem
808 3853 856 3914 ἅμα
870 3857 914 3918 μὲν
928 3867 1004 3921 λέγει,
1023 3855 1104 3922 τρίτην
1122 3857 1288 3921 θεσρωφορίοον
1303 3857 1371 3920 εἶναι,

220 3929 312 3984 specto,
328 3922 374 3971 etsi
393 3921 505 3970 omissum
528 3919 602 3982 ἡμέρα
623 3936 671 3967 non
689 3937 774 3978 moror,
807 3917 857 3980 dira
877 3921 902 3972 dl
922 3924 1006 3984 μέσην,
1026 3921 1145 3986 τεττάρων
1166 3923 1244 3971 οὐσῶν
1265 3921 1371 3986 ἡμερῶν.

219 4000 268 4033 non
279 3986 356 4048 rideo,
373 3986 431 4050 quid
450 3987 490 4044 sit,
506 4000 606 4048 quocum
625 3985 686 4032 illud
705 3986 774 4050 τρίτη
806 3985 865 4034 Tres
876 3995 955 4036 sutem
966 3987 1072 4052 proprios
1083 3987 1133 4036 dies
1143 3987 1221 4036 fastos
1232 3988 1327 4050 fuisse,
1342 4004 1370 4036 eo

163 4083 168 4094 .
220 4051 331 4125 conjungi
345 4052 429 4116 possit,
449 4050 578 4099 siveusnm
591 4049 711 4111 loquendi,
732 4067 774 4100 ne·
807 4051 881 4114 magis
892 4062 928 4100 est
939 4054 1071 4110 verisimile,
1088 4053 1153 4116 quod
1163 4060 1189 4100 et
1202 4053 1270 4116 apud
1290 4053 1370 4102 Lace

124 4143 128 4150 -
219 4129 304 4163 mmem
313 4132 417 4181 unquam
427 4117 462 4164 sic
472 4113 537 4178 loqui
547 4114 653 4162 memini.
675 4113 773 4164 ,Deinde
806 4115 934 4166 demonios
954 4120 1055 4167 eundem
1072 4117 1164 4166 dierum
1181 4133 1316 4166 numerum
1335 4133 1370 4164 re·

219 4179 239 4226 si
255 4180 285 4228 de
301 4175 409 4245 'quinque
420 4181 504 4228 diebus
522 4181 585 4228 hunc
604 4179 681 4227 locum
700 4181 773 4228 inter·
805 4180 909 4242 perimus
926 4188 952 4230 et
973 4182 1038 4247 apud
1054 4182 1173 4230 Milesios·
1193 4181 1268 4230 Auo.
1290 4182 1371 4230 Wan-

218 4251 347 4309 pretamnr,
366 4246 462 4292 minime
480 4243 602 4292 conciliari
621 4252 700 4308 potest
719 4261 772 4292 cum
807 4259 904 4294 sauss.

218 4307 318 4356 aliorum
336 4319 459 4357 anctorum
476 4307 628 4358 testimoniis.
661 4309 724 4358 Nam
736 4309 772 4356 A·
837 4314 877 4358 81.
893 4328 943 4359 ror:
969 4311 1030 4374 Gry.
1051 4329 1075 4360 τι
1095 4318 1177 4360 recte:
1203 4310 1281 4360 immo
1304 4319 1371 4360 recte

217 4372 282 4419 then.
293 4372 390 4435 quidem
406 4391 454 4422 non
469 4375 607 4422 clarioribus
626 4389 697 4437 quam
714 4372 771 4423 Ari-
803 4391 857 4422 ror:
876 4375 923 4424 vid.
935 4375 992 4439 Lys.
1004 4381 1044 4426 dr.
1063 4377 1127 4426 τοῦτ’
1146 4373 1215 4440 arith,
1232 4382 1334 4441 propter
1347 4377 1372 4426 ld
