2904 4908
111 363 327 488 aorosia]
561 385 827 448 nrumrsnu.
1060 383 1063 394 ⁴
1191 395 1250 456 ιοι

110 541 170 589 dats
182 543 294 606 scriptum
301 543 441 603 τὴντίτθνν.
453 544 665 606 ΙιιΑ.τὴντίθην.
730 551 786 596 964.
803 547 1013 612 τοῖοιθθνίίῤῥοι.
1046 548 1158 610 Legerem
1174 561 1245 609 prop·

111 606 196 668 Vulgo
207 607 305 657 barbare
316 609 361 667 τὴν
371 607 467 668 κίστην.
496 611 558 672 Aug.
570 611 614 668 τὴν
624 613 663 660 ad·
698 618 733 658 tar
752 621 851 658 metrum
864 614 930 662 τοῖοτ
950 613 968 660 6·
987 611 1059 675 lippos.
1099 612 1143 658 Eat
1164 618 1242 659 antam

111 687 176 726 στιν,
198 674 262 734 quod
281 676 362 722 saltem
385 674 495 722 Gnaeum
521 684 567 723 est.
593 677 664 740 Borg.
697 673 1186 740 ipporquaedicitnrrpdprrvelraipor,i
1200 693 1243 735 με·

110 743 196 794 spreta
212 737 291 788 Schol.
307 739 418 801 lectione,
436 739 499 804 cujus
514 739 663 788 venustatem
695 738 809 799 τοεὺτθν
825 739 930 802 διδύμαν.
962 741 995 788 Et
1005 739 1194 796 κατατεινόμενος
1203 748 1241 786 est

110 813 161 846 non
185 799 365 866 adsequebatur,
390 803 484 865 legabat
501 805 546 863 τὴν
568 803 662 866 rrdotnn¹
694 801 1090 869 μακρότητοιτιιρέχοιν.1·“ι..ῦιιιι.
1112 802 1241 878 ὄρρος.Εει

109 877 168 924 quae
177 879 226 910 vox
233 881 264 913 ne
274 867 358 914 Graes
368 867 462 928 quidem
473 874 523 915 est:
541 871 663 929 oportebat
694 882 749 930 pars
759 869 866 931 quasdam
875 869 937 920 circa
947 870 1059 932 genitalia
1066 869 1171 916 virorum
1179 875 1242 915 mter

109 927 158 974 τίν
174 927 276 976 motor:
295 939 319 978 et
333 931 410 986 vertit,
426 933 512 980 conduc
533 933 591 981 miii
606 949 661 982 can·
694 933 785 979 medios
794 934 924 991 testiculos,
934 935 992 982 alias
1001 935 1086 996 ταῦρος
1095 933 1167 989 dicta,
1177 940 1240 980 teste

109 1005 171 1040 narn
181 997 291 1043 mercede.
309 995 356 1043 Cui
367 996 423 1042 talia
432 997 572 1058 placuerint,
582 997 624 1044 ille
634 998 662 1046 od
686 997 772 1054 ,Seirai
784 996 847 1045 Ran-
862 1003 919 1048 994.
930 998 960 1046 ab
975 998 1021 1046 iata
1036 1013 1094 1045 voce
1104 998 1188 1059 ταῦρος
1203 1001 1241 1044 eat

110 1057 168 1102 τοτ’
178 1057 205 1104 ἐκ
215 1059 303 1118 raineri
313 1061 362 1119 μεθ’
377 1059 441 1119 ἡμῶν
455 1060 533 1108 τίεται
542 1061 660 1122 ποτηρίου.
692 1059 822 1124 &reaper-p,
839 1063 908 1124 virgo
925 1063 1032 1110 intacta:
1048 1063 1108 1109 item
1124 1062 1208 1108 mulier
1224 1075 1239 1108 a

110 1119 253 1169 Coriaceum
268 1139 352 1186 penem
369 1133 472 1172 erectum
489 1141 561 1172 manu
577 1133 661 1174 tenena
692 1125 820 1173 concubitu
830 1126 959 1183 abstinens,
971 1135 997 1173 ut
1007 1141 1075 1188 supra
1086 1129 1142 1174 217.
1155 1127 1239 1173 Baro.

109 1191 139 1230 et
149 1188 276 1234 ostendens
286 1189 402 1244 Cineaiaa,
412 1196 525 1251 tanquam
536 1190 557 1237 si
565 1191 659 1252 purilu·
691 1191 757 1239 τοῖσι
765 1189 796 1238 ts
805 1188 877 1252 ίρῥοι.
896 1191 1117 1253 Mettumjugmlans
1124 1189 1240 1252 particula

109 1249 138 1295 la
147 1257 211 1297 assat
221 1249 289 1312 partu
300 1253 389 1300 recenti
399 1251 472 1314 edita,
480 1253 576 1317 quaerit:
596 1255 660 1310 Quo-
693 1253 753 1300 maie
764 1255 833 1315 vulgo
843 1255 937 1310 inserta,
948 1257 1013 1304 τοῖοι
1024 1257 1043 1302 δ’
1055 1253 1084 1304 ἂν
1094 1281 1134 1301 -.
1162 1251 1237 1300 Recta

110 1315 181 1361 niodo
200 1314 271 1364 iatum
296 1314 418 1365 educabo?
444 1318 485 1365 abi
506 1319 661 1382 Cynalopeor?
692 1332 744 1364 eam
755 1318 843 1365 omittit
853 1319 882 1373 B.
902 1321 940 1383 [et
956 1317 1236 1380 Ma.Voas.ap.Bsnt.]
1272 1365 1276 1378 ,

107 1377 470 1442 iocamiiimercede'mrtricem.
491 1381 660 1445 intelligebant
692 1380 812 1429 Baunon.
838 1384 905 1431 τοῖσι
931 1383 959 1431 ἣν
980 1384 1030 1431 Ma.
1054 1383 1119 1430 Trin.
1152 1381 1237 1429 Dona.

110 1455 144 1486 ex
165 1442 252 1490 alumni
266 1444 318 1491 rien
335 1453 486 1506 spectatores,
502 1453 528 1493 et
543 1461 574 1492 ex
586 1447 659 1494 notis·
690 1445 758 1493 τοῖον
768 1444 797 1494 ἃν
807 1446 858 1510 iege
867 1462 895 1494 ex
907 1447 987 1495 Schol.
1003 1447 1042 1494 vel
1058 1446 1111 1493 dele
1125 1445 1161 1502 dr,
1174 1446 1237 1509 quod

108 1505 172 1552 simo
182 1507 274 1555 lenonia
288 1509 435 1571 cognomine,
452 1523 552 1570 quanam
568 1512 658 1559 nutrice
690 1510 840 1558 verisimilius
849 1509 952 1558 videtur.
961 1512 1039 1560 Pons.

107 1583 171 1630 opus
190 1579 260 1619 esset.
293 1573 404 1620 Facetum
430 1575 473 1620 hoc
495 1583 521 1621 et
534 1571 659 1624 'comicum
723 1575 779 1622 966.
796 1573 835 1623 roi
851 1575 884 1634 μὴ
895 1577 963 1623 ιιινθιν
976 1574 1032 1625 τοὺς
1043 1574 1142 1637 epopeus.
1184 1573 1236 1620 Ns-

106 1639 163 1680 est:
180 1635 245 1697 qnod
265 1645 334 1684 antea
352 1638 482 1700 legebatur,
498 1638 619 1686 inficetum
635 1647 660 1688 et
691 1637 739 1684 scio
760 1637 816 1701 quid
838 1640 868 1686 tit
881 1637 901 1686 i·
934 1640 999 1695 Quid
1020 1639 1129 1702 silegas,
1144 1636 1183 1686 ¹³⁶²
1204 1637 1237 1698 air

108 1697 233 1748 absonam.
276 1700 386 1748 Nominis
401 1700 469 1760 τίτθη
490 1717 566 1750 veram
587 1703 658 1766 scrip·
690 1700 765 1750 κίνινν
784 1701 851 1752 mats
877 1702 989 1766 ίρθρονεί
1014 1702 1081 1766 quasi
1107 1704 1238 1765 producant

108 1767 188 1810 turam
208 1764 248 1812 hic
273 1765 339 1813 locus
357 1765 475 1814 ostendit:
499 1773 526 1814 ut
546 1766 658 1817 mendosa
689 1772 771 1814 noctes
797 1766 843 1814 ista
870 1769 992 1830 uropygia.
1031 1766 1132 1816 ‘Dicitur'
1157 1776 1236 1814 autam

107 1826 223 1874 estinA.
231 1829 265 1876 aic
275 1829 328 1876 aiiia
336 1829 360 1876 in
369 1831 503 1878 auctoribus
512 1839 658 1894 peccaturos
690 1827 769 1892 ὄρθρος
790 1838 816 1878 at
841 1829 928 1894 ίρθρον.
959 1832 1088 1879 Revocabo
1116 1831 1237 1893 querelam

106 1889 221 1952 librariis,
236 1907 334 1956 qnorum
351 1909 413 1942 error
438 1894 515 1943 naudi
534 1895 579 1942 init
596 1897 657 1946 Scai.
688 1893 850 1956 imperitorum
877 1895 1016 1957 antiquamr
1044 1905 1165 1958 corruptus
1199 1901 1236 1942 eat

108 1953 176 2016 apud
196 1956 306 2004 Ammon.
323 1973 348 2020 p.
368 1963 423 2009 166.
444 1960 544 2007 scribere
564 1959 658 2024 jubenti
689 1957 764 2015 iocur,
786 1975 857 2022 quam
877 1973 959 2007 sanare
980 1975 1026 2007 non
1047 1966 1085 2008 eat
1103 1959 1155 2021 opis
1174 1973 1235 2006 mea

104 2017 163 2076 τιθὴ
178 2034 221 2084 pro
239 2022 315 2080 τιτθὴ,
341 2024 381 2070 oui
407 2037 498 2072 morem
516 2039 565 2071 non
584 2026 658 2088 gessit
689 2023 818 2083 pmssnus.
849 2023 951 2071 Tantum
972 2026 1018 2071 hoo
1038 2023 1132 2078 addam,
1152 2030 1235 2085 postea

107 2082 198 2132 vuer.
213 2097 301 2133 noster.
316 2086 434 2134 Baurrcr.
467 2087 516 2138 Ma.
539 2095 564 2134 at
580 2089 658 2136 Schoi.
689 2087 737 2133 hnc
756 2087 861 2135 fortassis
884 2088 1011 2151 respicere,
1032 2088 1095 2150 quod
1122 2087 1156 2134 ait
1176 2086 1258 2150 τρίς,

108 2145 202 2206 τίτθην.
216 2149 299 2197 Baur.
323 2151 368 2209 τὴν
378 2151 444 2210 τίθην
463 2152 525 2214 (sic)
548 2152 566 2179 “
576 2151 657 2211 τίτθην
689 2149 769 2213 ὄρθρον
778 2151 885 2211 σπασμὸς
898 2153 956 2212 ὑμᾶς
966 2151 1089 2211 λαμβάνει.
1112 2151 1154 2197 Fa.
1165 2151 1234 2200 Can.

104 2211 466 2275 Mea.Trin.'’Doaa.picfloo6v
472 2233 511 2276 μοι
519 2215 656 2274 τὴντίτθην.
688 2215 721 2274 μὴ
737 2219 815 2271 βινῶν.
847 2217 885 2264 Sic
897 2218 964 2264 ambo
977 2217 1039 2280 Reg.
1051 2217 1088 2278 [at
1102 2216 1151 2262 Ma.
1161 2217 1232 2264 Voss.

100 2269 161 2323 The
168 2278 250 2326 article
260 2279 282 2325 is
292 2280 409 2343 improper
418 2281 490 2328 here:
502 2281 523 2328 it
532 2281 656 2329 interieres
687 2294 724 2340 ap.
743 2281 840 2343 Bent.]:
859 2281 928 2343 vulgo
946 2284 1022 2330 κινῶν.
1055 2281 1174 2342 Frequens
1189 2281 1232 2328 ho·

104 2340 167 2388 with
183 2343 223 2389 tha
244 2357 320 2391 sense.
351 2343 403 2392 The
418 2360 484 2392 verse
500 2345 584 2392 should
604 2361 655 2393 cer·
687 2359 740 2390 rum
751 2347 871 2392 verborum
883 2347 1032 2408 permutatio.
1047 2345 1110 2402 Quia
1121 2346 1232 2394 κινεῖνιιι1

102 2406 186 2468 tainly
196 2407 227 2453 be
241 2407 336 2470 printed
350 2410 422 2456 thus:
439 2407 557 2468 μίσθωσόν
571 2427 611 2469 μοι
619 2409 655 2458 τί-
686 2409 877 2463 ιοιιιίίειιθιοοιιι
893 2423 940 2458 non
959 2425 1008 2457 raro
1021 2409 1157 2472 traducitur,
1177 2423 1233 2456 ean-

101 2468 225 2528 νατίτθην.
241 2476 315 2530 μισθοῖ
337 2472 342 2536 Ι
366 2479 407 2523 σᾶν
427 2485 467 2532 pot
489 2471 493 2538 Ι
514 2472 568 2522 rivis
584 2473 641 2540 τττΙ
687 2473 788 2535 demque
804 2473 853 2520 vim
871 2474 1018 2538 significandi
1030 2475 1100 2522 habet
1115 2487 1185 2536 quarn
1196 2477 1232 2529 βι-

104 2537 159 2592 θην.
170 2535 186 2582 J
189 2551 241 2582 osu
253 2536 365 2584 Sasona.
686 2539 743 2600 νεῖν,
752 2540 804 2586 loco
818 2537 886 2601 hujus
898 2540 969 2600 magis
983 2547 1064 2586 notum
1073 2539 1133 2586 iilud
1144 2537 1234 2584 librarii

138 2602 196 2647 969.
212 2600 282 2648 Frob.
292 2607 342 2649 XO.
358 2607 400 2650 Fr.
418 2601 476 2666 Gry.
485 2607 535 2650 XO·
547 2609 590 2652 ΓΕ.
605 2603 655 2651 Ma.
685 2617 749 2663 sape
769 2613 904 2666 posuerunt.
925 2603 1044 2651 Biturica.
1083 2604 1153 2657 βινῶν
1171 2601 1232 2649 Mea.

104 2661 239 2725 ἔχοιδεινῷ
247 2665 373 2726 7².Baur.
401 2667 500 2728 ἐνθεινῷ
509 2683 546 2726 γε.
562 2667 655 2715 Choma
686 2665 772 2714 Dona.
787 2665 953 2729 τοίνείρθρονε.
991 2664 1233 2714 ν.8ο1ιοί.θντίτοῦ

103 2729 334 2777 commiserationem
345 2747 410 2778 auam
426 2731 530 2778 ostendit
540 2746 595 2796 erga
612 2732 654 2780 ci·
686 2731 712 2778 ἐν
718 2733 768 2779 τοῖς
778 2730 871 2794 ίίρθροιι.
909 2729 992 2778 Deerit
1002 2731 1136 2794 praepositio
1144 2729 1231 2792 aliqua,

102 2791 206 2839 nesiam.
238 2793 325 2842 Facete
347 2803 427 2843 autem
449 2795 553 2844 imitatur
574 2797 656 2844 choros
686 2793 901 2858 utrariautrpdr.
919 2795 1121 2856 Arrigrmtautem
1128 2795 1231 2858 plemm-

104 2856 258 2918 tragicorum,
277 2860 318 2920 qui
338 2859 402 2906 idern
421 2860 511 2908 faciunt
531 2875 587 2922 erga
604 2875 653 2917 eos,
685 2874 731 2923 que
741 2875 819 2908 mane.
837 2859 868 2907 V.
877 2859 1018 2909 iniral⁰89.
1027 2859 1110 2908 Burro.

123 2935 169 2967 uos
189 2920 271 2970 rident
297 2925 403 2971 maximia
426 2925 493 2971 malis
518 2924 655 2987 implicitos.
717 2929 773 2974 967.
790 2923 807 2972 ὦ
823 2925 876 2978 zet,
893 2925 972 2973 δεινῶν
988 2922 1160 2984 θντιστοσμῶν.
1193 2922 1232 2971 sie

138 2985 212 3042 alum,
228 3001 275 3052 quo
286 2987 392 3036 Cinesiaa
405 2997 506 3044 tenetur,
518 2990 579 3035 nihil
591 2989 655 3036 alind
685 2988 798 3052 distingui
811 2995 910 3051 oportet.
963 2988 1069 3037 Genitivi
1090 2989 1195 3050 pendent
1218 3001 1234 3036 a

104 3057 146 3096 eat
160 3050 205 3096 nisi
222 3052 313 3114 tentigo
323 3052 398 3114 penis.
409 3053 493 3120 liparo.
512 3050 564 3114 ἔχοι
576 3069 617 3116 pro
629 3055 655 3102 ἐν
685 3067 811 3116 suppresso
832 3053 992 3100 admirationis
1009 3053 1119 3100 adverbio
1135 3054 1161 3100 d.
1193 3050 1233 3099 Sic

106 3113 161 3164 Me.
172 3113 239 3163 Trin.
250 3115 335 3162 Dosa.
686 3117 751 3164 Nub.
764 3121 820 3166 166.
837 3115 1027 3176 Maritimam,
1038 3114 1233 3174 τῆςλειιτίτητοε

141 3181 198 3226 962.
212 3181 277 3230 coins
293 3180 339 3241 γὰρ
357 3181 387 3229 ἃν
402 3179 418 3238 ἢ
436 3181 519 3244 νέφρος
537 3180 654 3241 θντίσχοι.
685 3185 733 3230 τῶν
743 3183 838 3242 φρενῶν.
871 3181 993 3242 Loquendi
1002 3181 1101 3227 sormam
1111 3181 1233 3226 imitantur

106 3239 234 3305 Aristoph.
246 3245 308 3292 Avv.
316 3243 399 3304 dixitsi
409 3261 452 3309 pro
460 3245 487 3296 ίιι
495 3255 519 3294 et
529 3247 555 3293 in
566 3247 609 3293 irae
620 3247 654 3294 ia·
686 3246 774 3293 Latini.
785 3245 864 3292 Plaut.
877 3246 948 3292 Most.
958 3244 993 3291 iii.
1004 3249 1028 3292 6.
1038 3248 1062 3292 9.
1078 3243 1128 3290 ‘Di
1137 3243 1231 3290 immor·

105 3305 191 3364 balad
203 3308 290 3358 δεκέτις
300 3325 377 3371 aupra.
391 3311 436 3358 Est
448 3321 528 3358 autem
544 3327 586 3373 per
600 3325 654 3374 syn-
687 3311 755 3366 tales,
769 3309 906 3356 mercimoni
915 3307 990 3371 lapidi
1000 3307 1014 3354 i'
1032 3308 1151 3355 Bouron.

106 3370 193 3417 aaresin
213 3375 252 3420 rel
271 3374 356 3429 cratin,
387 3383 412 3421 ut
432 3375 504 3422 etiam
531 3375 603 3422 habes
629 3376 653 3422 in
718 3375 834 3424 967-972.
851 3372 1096 3435 efficiuntstropham:
1116 3373 1232 3420 973979.

106 3435 186 3498 vesp.
198 3433 242 3500 ἆρα
250 3435 420 3496 δεινίεῆτότε.
454 3439 513 3486 Sunt
529 3438 654 3487 autrmrr'·
686 3439 864 3500 antistropham.
897 3437 1025 3492 Lacunam,
1040 3435 1234 3499 quarinstropha

105 3507 164 3561 φροι
172 3503 284 3549 ταπεινοί
294 3502 452 3561 nefrundines,
463 3502 656 3565 :transvenae
687 3512 724 3550 εει
741 3519 763 3550 v.
773 3505 829 3551 967.
846 3501 939 3564 Reisig.
950 3501 967 3549 i.
976 3516 1001 3563 p.
1017 3505 1074 3549 267.
1091 3500 1124 3547 sic
1134 3500 1233 3561 explea-

105 3562 138 3610 τὸ
155 3561 229 3624 οὖρον.
261 3567 308 3613 Sed
325 3574 350 3614 et
369 3568 447 3630 νεφροί
465 3575 520 3614 sunt
536 3567 656 3628 λογισμοί,
688 3567 742 3614 dam
753 3583 803 3614 esse
814 3565 961 3628 suspicatur:
980 3564 1235 3620 tarasconenses

107 3627 204 3676 ἐπειδὰν
213 3629 256 3698 τὰς
267 3633 436 3695 ὑπογαστρίοις
452 3631 534 3694 ὀρέξεις
544 3633 567 3680 oi
577 3625 656 3694 νεφροί
686 3633 842 3694 bernaicuria,
857 3631 862 3694 1
876 3628 914 3678 καί
940 3632 988 3678 τῶν
1009 3631 1087 3678 δεινῶν
1105 3628 1235 3677 ἀντιστασ-

106 3691 248 3754 διεγείρονσι
256 3713 263 3746 ,ε
281 3697 386 3744 ἐντεῦθεν
401 3697 515 3745 κινοῦνται
529 3698 571 3753 rire
582 3698 655 3745 ἐτιθν-
687 3695 837 3756 μῶν.1)ιιιι).

104 3755 161 3816 piar
179 3759 202 3806 oi
218 3759 336 3820 λογισμοί.
361 3761 475 3809 Ceterum
489 3759 597 3822 ἀντίσχοι
620 3768 657 3808 est
720 3765 778 3808 968.
795 3757 1022 3816 ἐσόησ’.Με.Τιιιι.
1035 3757 1118 3804 Dona.
1214 3819 1219 3830 Ι

106 3821 237 3880 ὑπομείναι.
259 3825 304 3870 Fr..
314 3825 382 3872 Can.
405 3825 460 3872 Om.
478 3826 508 3874 ir
524 3827 572 3872 Μι.
590 3825 656 3873 Trin.
720 3827 776 3873 976.
792 3825 902 3874 Maxo.
920 3829 1012 3886 Fr.pro
1030 3823 1164 3875 K1·Baur.
1196 3820 1235 3866 Src

108 3885 197 3934 Doara.
689 3887 845 3936 Mar.Dosa.

140 3953 197 3999 963.
213 3951 269 4000 τοία
288 3951 362 4015 ψυχή.
395 3953 659 4001 mendosorum
721 3957 777 4002 979.
794 3950 881 4010 tirrici
897 3951 1011 4012 Ζεΰ,Ζεῦ.
1041 3949 1238 3996 Monometerest

105 4013 147 4060 hic
168 4017 309 4064 subauditur
325 4017 350 4075 ἦ,
370 4028 398 4065 ut
418 4019 448 4063 rit
473 4018 488 4078 ἣ
510 4017 565 4066 τοία
585 4016 658 4079 ψυχή·
691 4018 814 4065 seubasis.
853 4017 932 4078 Vuipo
943 4023 1025 4062 contra
1039 4011 1239 4074 artemdrepeti·

106 4079 193 4126 Baro.
226 4081 314 4128 Alieno
342 4083 395 4129 ioco
414 4083 451 4129 tric
480 4083 583 4144 positum
599 4083 662 4138 mihi,
691 4077 1239 4139 ιιιιιι.Μοιι977.ειτὴνγῖιν,ιιοιιείς,1ιιι1ιοιιῑ

104 4142 202 4192 videtur
216 4161 303 4192 nornen
314 4147 388 4209 ψυχὴ,
400 4145 463 4208 quod
473 4147 578 4193 librarius
593 4161 659 4208 repe·
692 4147 760 4192 ambo
771 4145 834 4207 neg.
866 4145 930 4208 Lege
941 4144 967 4190 in
977 4142 1051 4190 schol.
1062 4140 1092 4187 ad
1102 4145 1157 4190 973.
1170 4139 1240 4201 θωμοί

105 4206 147 4252 tiit
166 4213 248 4258 0960.
262 4209 334 4273 τείρει
352 4209 440 4273 ψυχήν.
472 4210 512 4257 Διί
528 4210 661 4258 institutam
694 4208 718 4258 δὲ
729 4208 843 4270 λέγονται
853 4209 876 4257 οί
885 4211 933 4257 τῶν
942 4210 1019 4272 τυρῶν
1028 4204 1104 4270 σωροί.
1122 4205 1187 4252 Male
1199 4221 1241 4252 rx·

104 4272 667 4338 paruumenumerationennonpertinetpexa,
694 4287 778 4322 cusum
800 4277 903 4336 πυρσῶν.
940 4272 1043 4336 Hesych.
1065 4269 1147 4333 inopis,
1168 4268 1242 4332 σωρίε

105 4335 244 4397 scripserat,
263 4339 290 4385 ni
304 4339 380 4393 fallor,
391 4339 503 4394 comicus,
515 4339 570 4387 τοία
580 4337 663 4402 θαλίῃ
695 4336 814 4400 στοιχείων.
828 4337 946 4386 Brunca.
981 4335 1077 4383 Probari
1090 4349 1138 4382 non
1155 4343 1243 4397 potest,

105 4400 168 4447 τοῖοι
180 4401 200 4449 δ’
212 4401 369 4466 ὄρχεις-ἀει
386 4404 420 4451 tris
435 4419 483 4452 non
500 4403 574 4460 dicas,
591 4404 620 4452 ὡς
636 4405 663 4452 οὐ
695 4405 758 4466 quod
768 4403 849 4466 posuit
862 4417 894 4450 ex
910 4397 1181 4465 conjecturaBrunck.tir
1191 4399 1246 4454 zen,

104 4462 232 4527 ξύμφορον.
246 4467 365 4515 Bauucr.
696 4470 747 4527 Ζεῦ,
759 4485 804 4516 nee
815 4467 878 4516 dixit
888 4480 988 4528 usquam
998 4465 1120 4530 Aristoph.
1136 4463 1181 4512 ῑεῦ
1191 4462 1246 4510 sim·

173 4547 250 4596 Arist.
261 4548 320 4595 Not.
666 4548 701 4597 ΙΙ.
1145 4549 1159 4592 3
1172 4540 1193 4591 F
