2872 4916
62 377 89 434 υ.
108 377 251 452 ror-roo]
409 347 856 440 orrumouruzorrur.'
1115 380 1171 440 ooo

59 535 184 582 mendorum
206 549 266 590 esee,
289 542 313 582 et
339 533 391 598 ἔχει
419 537 589 600 reponendum.
623 537 673 582 ie.
688 535 848 598 prohibuimus
867 535 944 596 igitur
964 539 1103 588 eversionem
1121 545 1171 587 tur·

59 599 164 648 Bauuor.
623 602 686 650 rium
703 600 854 662 urbislsujrrs.
887 599 1001 661 Loquitur
1015 601 1077 648 enirn
1091 601 1125 649 ibi
1139 605 1169 652 de

84 667 134 712 197.
144 662 284 724 tortusue:
295 663 344 712 vid.
354 668 408 714 118.
419 663 591 726 Βαλαάκλιζε
623 665 681 713 urbe
700 666 842 718 Thebarum,
858 678 929 726 quum
946 659 1028 726 Argivi
1047 675 1170 727 ‘oppugua-

58 729 140 784 «1οἳθον.
167 727 345 791 Ditlryrambica
354 743 433 776 mrsus
443 730 546 777 locutio:
564 732 589 778 id
624 739 714 778 versut.
745 729 815 776 Idem
827 729 853 776 in
863 728 949 775 troad.
959 732 1016 776 868.
1033 729 1170 792 καίγῆδορί

59 800 91 838 ert
105 790 205 853 άποίμαζε
221 793 292 854 ύμνον
308 794 340 842 είς
357 796 449 849 Φοῖβον.
472 793 590 844 Buuucrr.
622 796 720 844 πεσοῦα
730 793 875 854 ‘vitumuh
898 797 921 840 0²
941 793 1004 848 ίίθύθ.
1027 809 1080 855 quw
1103 795 1172 844 hotta

85 861 133 905 109.
148 859 238 914 Φοῖβον,
257 857 284 907 is
294 857 404 920 ἱδρύσατο
414 857 492 923 χύρας
501 857 590 920 γύαλα.
623 859 653 921 (i.
665 875 688 909 e.
705 861 730 908 σι’
746 859 841 920 bellico)
860 857 997 907 Groeoorum
1015 858 1108 906 cecidit.
1141 859 1173 906 Et
1189 905 1191 916 .

58 919 117 967 Nihil
126 921 163 968 hio
173 921 282 969 viderunt
292 923 381 985 priores
396 933 592 972 commentatores
624 927 695 972 1299.
722 920 816 988 ούρανία
842 923 947 970 πεσοῦσα
968 920 1016 984 δορί
1037 922 1172 984 καταφθίνει

57 993 78 1030 et
87 985 226 1048 interpretes.
252 987 314 1034 Num
325 1003 392 1034 verus
403 989 527 1054 lrujuslori
537 1003 591 1036 sen·
622 989 664 1047 γῆ·
681 989 797 1038 αίίοαοδς
812 986 843 1049 (i.
862 1001 884 1034 e.
902 984 983 1047 Troju)
1004 989 1085 1035 exciso
1101 989 1173 1049 perit.

57 1051 168 1106 suaeuis,
182 1066 252 1114 quem
264 1051 291 1098 in
307 1053 413 1100 versione
424 1054 591 1116 expressimus,
623 1052 653 1098 In
673 1053 756 1100 eadem
776 1049 855 1099 iabuln
873 1066 897 1098 v.
907 1054 931 1098 4.
947 1049 1038 1112 Τραῖκὴ
1054 1051 1118 1112 χθὼν
1135 1061 1173 1099 ost

57 1115 92 1174 qui
108 1115 168 1164 urbis
179 1115 256 1175 Troum
274 1119 480 1166 moeuiuooudidr't.
513 1118 593 1166 Verba
622 1117 677 1179 ipsa
692 1118 775 1181 Troja:
795 1130 864 1177 quern
879 1114 905 1161 in
922 1116 1007 1161 eodem
1023 1115 1127 1162 dramate
1149 1133 1172 1164 v.

56 1178 154 1226 euirulric
164 1179 223 1226 finnt
232 1180 390 1243 deApolline,
399 1197 471 1244 quem
482 1198 527 1229 uns
538 1199 590 1230 curu
623 1187 680 1231 819.
696 1181 778 1245 Τροίας
787 1178 947 1242 χθύναςοοοί.
978 1177 1053 1241 Apud
1062 1181 1172 1242 eundem,

56 1241 159 1304 Neptuno
173 1243 249 1307 Trojar
263 1245 406 1293 conditorem
429 1248 591 1295 exstitissem
624 1245 677 1294 Ion.
697 1252 737 1296 74.
770 1246 815 1292 Ion
835 1243 923 1291 dicitnr
948 1243 1049 1306 κτίστορ
1067 1245 1173 1294 Ἀσιάδος

55 1308 160 1354 ueteribus
170 1310 328 1372 scriptoribus
337 1311 395 1358 sutis
409 1320 510 1359 conetur.
532 1312 591 1372 γύα-
624 1311 725 1372 χθονύςι
752 1311 770 1359 i.
788 1324 810 1356 e.
826 1309 934 1356 eonditor
949 1308 1110 1357 Asiaticorum
1132 1325 1173 1357 ur-

55 1377 93 1418 λον
111 1379 185 1420 runem
208 1389 255 1420 nou
277 1376 354 1422 solum
379 1377 505 1425 eunilntem
528 1376 592 1438 apud
624 1377 695 1424 bium.
727 1376 787 1424 Haeo
798 1373 866 1436 quia
882 1372 948 1420 nobis
958 1381 1071 1420 annotato
1080 1375 1174 1436 legerit,

55 1433 139 1482 Graeeor
156 1437 281 1498 rignllicrt,
298 1439 421 1488 sedetiam
438 1441 540 1503 cujusvis
557 1441 593 1489 rei
624 1442 711 1498 minus,
738 1449 765 1488 ut
788 1447 855 1502 puto,
882 1437 1009 1499 mirabitur,
1034 1437 1115 1500 χάραν
1142 1440 1172 1485 ab

54 1499 118 1545 latera
133 1502 222 1549 ambitu
240 1517 283 1550 suo
293 1519 377 1552 earum
387 1505 505 1566 quoddam
520 1506 593 1553 effici·
625 1504 749 1568 Aristoph.
758 1506 796 1551 hic
807 1519 849 1565 pro
856 1502 912 1550 urle
923 1502 987 1564 poni.
1006 1502 1084 1550 Kuer.

53 1564 116 1627 entis,
133 1565 171 1612 tel
188 1567 329 1630 simpliciter
349 1567 454 1631 cujusvis
471 1570 503 1617 rei
519 1571 593 1618 ambi·
646 1573 713 1630 Ι112.
730 1573 755 1618 ἐν
773 1565 906 1626 εὐμούσοισι
923 1568 999 1625 τιμαῖς
1016 1565 1090 1628 γέρας
1106 1567 1174 1629 ίεράν.

53 1636 96 1674 tum
115 1630 150 1678 rel
162 1638 270 1694 septum:
289 1633 351 1680 unde
361 1644 426 1680 recte
437 1634 467 1681 ab
483 1635 592 1699 Hesych.'
625 1633 706 1681 Scribo
723 1642 748 1681 et
765 1633 883 1693 distinguo
900 1630 1081 1691 ἑνεύμούσοισι,
1098 1635 1175 1693 τιμαῖς

54 1693 169 1754 exponitur
183 1696 317 1758 περίβολος.
349 1698 388 1745 sic
398 1698 477 1758 γύαλα
494 1700 594 1764 θύρακος
625 1696 699 1760 γέρας
716 1699 779 1762 lepori
796 1695 923 1760 προφέρων.
957 1697 996 1742 Sic
1012 1697 1085 1744 etism
1098 1697 1174 1746 locum

52 1757 155 1806 dicuntur
170 1761 246 1807 lutera
262 1762 365 1810 thoracis
384 1777 468 1825 corpus
486 1765 593 1812 ambien·
626 1764 688 1812 hunc
704 1764 773 1814 uerti.
790 1762 870 1809 Kusr.
1134 1764 1136 1768 '

52 1820 93 1868 tis:
110 1837 161 1884 quae
178 1825 239 1872 nlius
254 1825 526 1884 etiamuirrrvosuntur.
559 1829 593 1876 Α·
658 1833 757 1878 lto-19.
774 1827 831 1875 vid.
846 1823 971 1874 Volck.od
982 1824 1174 1889 EuripHippol.

52 1886 95 1944 pud
110 1887 192 1952 Eurip.
202 1889 258 1937 Ion.
275 1895 331 1940 229.
347 1893 428 1952 γύαλα
445 1894 595 1956 appellantur
608 1913 612 1923 ,
626 1907 651 1954 p.
664 1897 717 1942 196.
730 1909 754 1940 n.
771 1893 854 1940 Drun.

52 1961 113 2012 sopra
132 1953 169 2000 vel
191 1953 276 2001 limina
297 1951 362 2020 adyti
381 1957 513 2020 Apollinei.
552 1957 595 2006 Ait
661 1953 987 2021 115.ἌρτεμινἈγροτέραν.
1004 1951 1176 2017 hipoliti?-

52 2016 117 2071 onim,
133 2016 197 2076 θέμις
214 2018 464 2084 γυάλανύπερβῆναις
477 2022 595 2080 susneesl
626 2021 710 2070 Brun.
1129 2076 1133 2088 ¹

51 2081 230 2141 septoloerlvel
241 2085 536 2146 limiuoltrourscerrderel
546 2088 594 2144 Qui
658 2092 713 2136 117.
729 2081 857 2149 κλῄζουσα.
890 2082 929 2130 Sic
939 2082 1000 2128 bene
1019 2081 1134 2144 seriptum
1151 2083 1176 2129 iu

50 2142 108 2190 locus
119 2161 164 2192 ron
179 2157 247 2196 recte
262 2150 335 2212 vulgo
344 2152 450 2206 vertimur.
483 2153 508 2198 Si
523 2152 595 2214 igitur
626 2152 679 2200 cod.
697 2151 777 2212 Vulgo
789 2147 925 2208 κληίζουσα.
935 2146 1054 2193 Bsuucr.

49 2223 91 2254 vox
100 2207 189 2269 γύαλον
202 2214 310 2274 quemvis
320 2215 444 2276 περίβολον
454 2223 534 2263 notare
552 2233 594 2280 po·
658 2220 713 2265 129.
729 2213 844 2263 Ἀσιάδος.
878 2212 973 2260 Priores
986 2211 1127 2272 interpretes
1139 2211 1176 2258 hic

52 2281 102 2326 test.
112 2290 158 2323 non
169 2276 256 2324 mirum
272 2271 438 2342 estAristuplr.
451 2282 537 2328 moeuin
554 2297 594 2330 ur·
627 2278 852 2341 subintelligendum
862 2277 979 2339 putabant
987 2276 1041 2338 γῆς,
1061 2275 1127 2337 quasi
1146 2275 1176 2321 de

50 2337 93 2386 lem
104 2341 235 2406 αναδίεαίία
244 2340 325 2401 γύαλα
334 2345 375 2391 hin
385 2359 489 2392 vocasse.
522 2345 595 2401 Quod
626 2345 762 2406 pulsatione
771 2351 847 2397 terrae,
869 2343 918 2389 sire
933 2340 1067 2397 saltatione,
1086 2339 1125 2386 hic
1144 2340 1179 2386 lo·

49 2410 121 2448 auteur
134 2403 165 2450 sd
175 2421 262 2454 rocem
274 2407 352 2469 χώρας
362 2409 454 2464 nttiuet‚
466 2409 596 2458 notandum
628 2417 738 2472 queretur
759 2408 874 2466 ponticus:
892 2420 941 2468 quo¹
954 2403 978 2450 iu
999 2420 1024 2451 re
1046 2403 1114 2450 valde
1137 2419 1179 2450 eos

50 2470 453 2532 estreamlricsignilieurerubeus:
469 2489 596 2548 quoeeusu
628 2473 715 2521 fefellit
734 2474 823 2534 opinio.
857 2469 920 2517 Nam
937 2468 1056 2532 κρούματα
1073 2465 1188 2517 Ἀσιάδος·

49 2546 113 2578 voces
132 2548 276 2599 synonyme
298 2537 362 2598 χθὼν
378 2545 404 2583 et
424 2539 457 2597 γῆ
477 2540 598 2598 ruterdurn
629 2531 1181 2601 hicsiguifiontpulsueoitlroroetsubintellecta

49 2594 115 2643 etium
128 2599 195 2660 apud
207 2601 293 2662 poiitas
303 2600 380 2664 accipi
390 2602 477 2649 solent.
510 2603 598 2650 Exem-
629 2603 741 2650 nimirum
750 2617 807 2648 voce
820 2599 919 2662 κιθάρας,
940 2605 966 2644 ut
978 2597 1027 2658 jam
1046 2604 1101 2644 ante
1116 2606 1180 2644 recte

48 2660 91 2720 plis
106 2662 251 2724 quibusdam
260 2680 309 2712 rem
321 2667 351 2712 nb
362 2665 423 2721 aliie,
441 2666 597 2728 quodecim,
630 2667 721 2714 monuit
730 2666 846 2714 illustriss.
864 2663 953 2725 Spaulr.
962 2660 993 2708 orl
1002 2661 1144 2710 callimach.
1157 2677 1180 2723 p.

48 2725 148 2776 nondum
170 2730 324 2777 observatam
351 2729 482 2778 illustrabo.
525 2729 599 2794 Aputl
629 2735 687 2780 497.
719 2729 819 2778 Cithara
836 2729 924 2792 quippe
942 2725 1022 2774 Ἀσιάς
1043 2723 1107 2772 diem
1128 2725 1182 2780 l'ult,

50 2787 126 2851 Eutip.
146 2791 210 2840 Hec.
229 2797 270 2842 lo.
291 2796 337 2854 γῆς
355 2795 470 2856 ὁρίσματα
488 2795 599 2844 dicuntur
630 2795 718 2858 quodn
732 2794 838 2859 Lydisin
849 2790 1123 2854 Ariaprimuminventa
1130 2805 1181 2836 cre·

49 2856 127 2904 mortio
149 2856 267 2920 (proprie
288 2859 404 2922 terruiui)
428 2861 493 2908 urbis
512 2860 598 2922 Trojae.
630 2859 733 2907 deretur.
764 2853 1121 2922 ΕῑγαιοΙἈσιάδος-εύρέθη.
1140 2855 1183 2901 Vi-

47 2917 147 2966 Aiditur
165 2922 236 2970 enim
254 2922 280 2969 in
298 2939 367 2970 versu
381 2925 498 2987 sequenti.
514 2922 599 2986 πύργοι
631 2925 673 2971 des
683 2925 748 2972 hunc
759 2925 834 2985 ipsum
845 2923 922 2968 loouru
933 2920 1016 2968 comici
1027 2919 1057 2966 ab
1070 2935 1100 2966 eo
1110 2933 1183 2980 erpo-

47 2983 65 3026 τ’
84 2983 213 3046 ἄθραυστοι
230 2990 331 3050 Τρωῖκῆς
350 2985 412 3044 ἦσαν
432 2986 531 3049 χθονάςι
559 2989 601 3036 ubi
631 2990 664 3035 ni.
697 2989 804 3052 Hesyclr.
828 2985 916 3047 Ἀσιάς,
934 2984 950 3042 ίγ
968 2981 1057 3046 κιθάρα,
1069 2983 1107 3032 διδ
1116 2983 1146 3030 ro
1158 2984 1184 3031 ἐν
1241 3011 1249 3026 .

47 3049 132 3108 Τρωϊκά)
141 3054 211 3112 χθὼν
219 3053 345 3099 manifeste
356 3053 386 3100 de
396 3054 452 3100 urbe
462 3053 532 3118 Troja
541 3052 600 3100 dici·
631 3052 700 3116 Ἀσίᾳ
720 3055 836 3116 εὑρῆσθαι.
869 3050 948 3096 Selrol.
965 3049 1046 3110 Apoll.
1062 3047 1184 3095 Rursum

46 3119 88 3167 tur,
99 3129 170 3176 quum
182 3115 211 3163 in
224 3131 294 3164 versu
306 3119 453 3178 praecellente
463 3117 601 3180 simpliciter
633 3118 684 3165 libr.
694 3117 719 3164 li.
731 3133 752 3163 r.
762 3121 819 3166 779.
828 3114 865 3164 καί
873 3113 976 3174 ἡκιθάρα
986 3112 1067 3160 Ἀσιδς
1077 3109 1182 3170 λέγεται·

45 3177 90 3232 γῆν
104 3181 280 3241 appellaverat.
314 3181 513 3230 Confirumtlrnnc
528 3181 600 3229 inter·
633 3181 683 3230 ἐπεί
702 3182 728 3228 ἐν
746 3179 819 3243 Λυδίᾳ
835 3181 925 3242 πρῶτον
946 3175 1033 3237 εὑρέθη.
1066 3175 1185 3238 Eurip.in
1245 3233 1249 3244 ι

45 3243 201 3302 pretationem
215 3246 296 3294 Scuol.
307 3253 374 3292 vetus
388 3246 417 3292 sd
436 3245 500 3294 illuru
513 3247 599 3302 locum,
634 3245 701 3312 Cycl.
713 3249 769 3294 442.
779 3271 812 3281 -
820 3241 928 3292 Ἀσιάδος
938 3242 980 3290 olm
991 3241 1021 3288 δν
1030 3239 1093 3298 ἥδιον
1108 3239 1185 3302 ψόφον

44 3306 106 3368 cujus
123 3310 178 3357 haec
192 3321 253 3357 suut
267 3310 353 3358 verbo:
370 3310 399 3358 σδ
408 3311 454 3370 γῆς
464 3313 497 3372 μδ
506 3310 602 3375 νομίσῃς
648 3309 652 3376 l
666 3309 759 3372 κιθάρας
777 3305 1044 3367 suorum-Asturco
1055 3319 1100 3352 uott
1111 3305 1183 3352 libeu-

45 3371 82 3420 ori
97 3373 144 3430 τὴν
161 3373 219 3435 περί
238 3375 283 3432 τὴν
298 3375 379 3438 Τροίαν
394 3377 451 3438 γῆν,
467 3376 497 3423 ὡς
514 3375 606 3423 οἴονταί
635 3377 683 3424 lt'ttt
692 3374 817 3436 strepitum
828 3373 926 3420 rituoroe
936 3369 1101 3419 nuditerimus.
1121 3367 1184 3414 Hinc

42 3453 104 3486 τινες
114 3441 214 3488 κακῶν
233 3439 297 3488 ύλλδ
314 3441 342 3488 δι’
361 3440 434 3498 seirius
451 3439 496 3498 τὴν
513 3439 602 3502 Τροίαν·
635 3438 710 3486 obiter
728 3435 890 3486 emendandus
905 3433 1026 3483 Plutarclr.
1037 3433 1078 3480 lib.
1090 3434 1120 3480 de
1130 3433 1186 3480 Mu·

42 3501 71 3546 lo?
82 3500 142 3565 ᾖπδ
151 3503 283 3566 ύρίσματα,
299 3503 352 3552 ἀντί
361 3505 406 3552 τοῦ
421 3504 444 3552 οἱ
452 3504 545 3566 πύργοι.
561 3523 602 3552 πε·
635 3505 683 3552 sica
692 3519 717 3566 p.
730 3506 802 3552 1138.
822 3501 864 3548 ubi
874 3500 904 3547 de
914 3501 1005 3548 cithara
1014 3513 1086 3562 agens
1101 3497 1188 3578 inspuit,

43 3567 161 3627 ριορισμδς
178 3568 231 3632 γάρ
241 3571 284 3627 τῆς
296 3570 366 3632 irrui
378 3567 449 3618 πόλει
458 3571 504 3629 γῆς
514 3570 537 3618 οί
546 3569 602 3632 πύρ-
636 3567 724 3626 ἐκλήθη
735 3567 760 3616 δὲ
768 3566 847 3615 Ἀσίας
858 3571 903 3612 etc.
937 3562 1097 3638 [εςεἈσιάς.
1123 3562 1187 3609 true

41 3646 87 3688 7⁰1·
105 3633 172 3682 ὥστε
182 3633 411 3697 τῆςγίὶςδρίσματα
421 3633 460 3682 καί
474 3633 504 3682 σδ
519 3633 604 3697 πύργοι
636 3634 706 3680 etiarn
731 3632 798 3682 Suitl.
818 3627 932 3692 susurrio.
948 3629 989 3676 ulu
1005 3623 1071 3675 locus
1090 3629 1128 3674 hic
1147 3642 1187 3674 co-

41 3699 145 3754 Τρωῒκῆς
165 3697 258 3758 χθονδς
285 3696 373 3747 ratris
399 3699 475 3747 ἐστιν.
515 3698 552 3747 δτι
578 3697 604 3748 δὲ
638 3698 692 3744 ruici
710 3706 775 3745 recte
794 3696 865 3743 etium
885 3693 1019 3757 exponitur.
1037 3693 1117 3739 Kusr.
1150 3691 1188 3740 Ἀ·

41 3761 129 3809 rolris
152 3765 221 3817 ἐσσι,
247 3762 284 3811 καί
305 3765 360 3823 οδχ,
384 3764 415 3813 ὥς
437 3763 520 3812 ἐκεῖνοί
536 3772 603 3825 φασι,
637 3761 724 3824 σιάδος,
742 3759 768 3807 id
788 3769 834 3821 est,
853 3759 959 3807 citiore.
992 3755 1097 3820 Etpmol.
1110 3755 1146 3801 M.
1163 3771 1188 3818 p.

38 3825 605 3949 rtutsitutuutttsu
637 3815 1190 3952 191θλιθκιιίιιιιικίύι

40 3953 120 4002 Recte
134 3929 259 4004 ’observat
274 3959 353 4004 Schol.
369 3911 457 4020 Euripp.⁴
469 3957 533 4004 dicto
553 3958 605 4004 loco
636 3953 764 4016 Ἐρεχθέως
785 3953 913 4016 Εὐριπίδου.
931 3949 946 4008 ἦ
966 3923 1088 4012 Ξιρίχορδος
1109 3944 1192 4025 κιθάρα

38 4021 124 4068 urbem
135 4021 241 4084 Trojam
253 4021 421 4083 periphrastice
433 4022 552 4084 designare
563 4037 606 4084 per
638 4019 699 4068 οὕτω
708 4018 922 4079 καλεῖται..είρησαι
932 4014 966 4077 δὲ,
984 4013 1020 4062 δτι
1039 4015 1064 4060 ἐν
1081 4009 1150 4076 Ἀσίρ
1160 4029 1191 4076 τῃ

37 4087 84 4143 γῆς
102 4084 234 4148 ὁρίσματα
249 4094 274 4132 et
289 4085 374 4147 πύργοι
391 4089 493 4146 Τραῖκῆς
506 4087 604 4147 χθονύςε
638 4084 706 4134 πύλει
716 4085 760 4142 τῆς
771 4082 853 4131 Λυδίας
863 4077 955 4142 κειμένῃ
968 4079 993 4126 ἐν
1002 4077 1091 4137 Τμύλιρ
1101 4079 1192 4152 πρῶξον

38 4149 61 4194 irl
81 4150 152 4212 quod
170 4149 267 4197 exindo
283 4151 355 4198 etiarn
373 4153 466 4214 probat,
484 4152 547 4213 quod
560 4160 606 4198 tru-
639 4149 728 4212 εδρέθη.
762 4148 852 4195 Nescio
863 4161 892 4192 nn
905 4157 1006 4206 unquam
1024 4142 1078 4188 urbs
1097 4148 1193 4188 erstrte·

35 4214 106 4276 gicus
126 4215 220 4262 statim
233 4214 343 4277 subjiciat
360 4214 410 4263 ἐπεὶ
427 4214 452 4263 δὲ
466 4215 552 4278 τροίαι
569 4226 607 4261 ut·
621 4251 624 4256 .
639 4215 680 4276 rit,
688 4215 726 4262 cui
736 4227 821 4259 nomen
830 4209 906 4263 Ἀσία,
917 4223 988 4271 quem
999 4215 1077 4282 tamen
1089 4213 1195 4279 recenset

36 4288 93 4340 pote
106 4295 166 4340 quoe
182 4276 316 4338 'superioris
325 4280 470 4342 periphrasis
486 4279 518 4326 eit
535 4279 607 4326 inter·
641 4279 710 4326 etiarn
726 4278 808 4339 Steph.
843 4273 920 4336 liujus
936 4285 985 4319 non
1004 4269 1196 4331 menruutschol.

33 4344 155 4404 pretatio.
204 4341 281 4400 Apud
305 4345 414 4391 ⁴eundem
437 4343 519 4390 Plroen.
537 4347 609 4392 12⁰³.
642 4341 765 4408 Apollonii
775 4339 805 4387 ael
815 4339 904 4388 iutro.
916 4335 996 4385 Ἀσίαν
1006 4333 1032 4384 δὲ
1042 4333 1141 4383 ἐνταῦθα
1150 4333 1196 4392 τὴν

33 4413 135 4522 troppau
151 4406 203 4468 μὲν
211 4403 313 4521 ριύνγῆς
329 4410 430 4472 ἴσχομεν
441 4405 815 4520 κατασκαφάςεΠΛυδίανρησίν.
826 4401 886 4452 ούια
904 4401 950 4464 γάρ
965 4401 980 4461 ἦ
997 4399 1067 4450 Λυδία
1078 4401 1196 4515 2ιιρΙάριερον

131 4475 194 4522 risl-
241 4477 271 4519 ot.
644 4507 650 4520 .
724 4507 727 4513 .
