2904 4908
74 304 277 442 unos-roa]
366 403 370 410 -
509 364 777 432 arsurmra.
903 352 908 367 ‘
1137 384 1233 448 sss.

68 531 135 572 neate
152 521 222 574 etism
239 525 276 575 Fl.
286 523 344 576 Chr.
366 524 454 592 liabent
472 527 609 587 κααπητήνε
642 527 693 592 ipse
704 530 946 580 commentariensis:
963 547 1037 594 eoque
1048 527 1143 584 tandem
1154 527 1193 586 res

68 588 207 652 quodquam
217 589 482 654 manifestooorruptusu
494 592 610 649 sit,modo
642 591 781 653 adducetur,
798 604 871 644 uttot
886 596 973 644 diversi
989 603 1066 646 textus
1083 601 1191 650 exstituri

67 653 171 701 laudatus
181 656 217 703 Fl.
227 654 286 704 Chr.
298 663 368 702 acute
379 662 405 702 et
415 664 488 712 recte,
498 663 525 704 ut
541 665 608 720 puto,
642 658 699 722 sint,
716 668 773 724 quot
788 661 874 709 luerint
888 661 998 717 editores,
1015 670 1086 726 utque
1097 674 1190 713 veteres

67 717 115 780 ejus
129 719 180 767 loco
196 719 345 768 scribendum
361 733 413 782 esse
425 723 542 770 Καπαῑτιν
557 737 609 770 sus·
642 731 727 784 poete,
754 725 774 773 si
802 725 952 788 reviviscant,
974 736 1067 774 suamet·
1084 728 1190 790 ipsorum

66 782 159 844 picatrrr.
193 785 308 847 Loquitur
326 784 387 831 enim
400 785 438 832 hic
455 786 560 834 comicus
578 786 608 835 de
640 787 727 851 scripta
735 787 759 834 in
771 789 836 838 libris
843 789 928 838 uostris
938 803 987 836 non
1003 791 1052 838 sint
1065 793 1191 854 aguitmi.”

66 847 169 909 anguillis
189 849 311 906 Boeoticis,
327 865 424 912 quarum
444 851 608 912 prestantissi-
641 851 697 908 Sed,
714 853 810 908 ebone,
827 863 853 900 ut
864 854 1057 917 paratragoediat!
1082 857 1139 904 Non
1148 873 1189 918 ag·

66 925 111 957 mas
121 912 193 960 luisse
209 927 257 970 eas,
269 929 326 977 quas
338 913 506 976 lacusCopais
521 916 607 974 alebat,
640 925 723 964 noscet
743 918 826 980 Eurip.
847 934 888 967 sua
911 918 1024 979 dramata,
1037 920 1074 967 ob
1094 920 1190 983 triginta

65 975 206 1024 notissimum
223 987 268 1025 est.
287 978 367 1025 Kusr.
395 979 440 1026 Ed.
451 979 504 1027 Far.
521 989 546 1027 ot
556 981 608 1027 alia
640 982 764 1030 circitoria
776 983 873 1045 singulis
883 998 952 1030 voces
960 983 1106 1034 emendatius
1115 986 1189 1049 scrip-

65 1041 190 1100 nuprmlp.
223 1042 284 1098 Quae
294 1055 339 1088 vox
352 1043 408 1090 viris
418 1042 493 1091 doctis
507 1059 554 1092 uon
565 1045 608 1091 im·
641 1051 685 1109 tas,
702 1061 772 1108 quam
788 1047 813 1093 in
831 1047 912 1094 codice
929 1063 975 1109 quo
993 1063 1047 1094 usus
1064 1057 1101 1096 est
1111 1050 1190 1098 alda

66 1105 144 1152 merito
169 1113 280 1168 suspecta
297 1115 340 1153 est.
385 1107 455 1155 Forte
485 1107 608 1168 ααμπητὴν
641 1107 739 1160 Naeille
756 1110 777 1157 si
793 1111 952 1167 revivisceret,
969 1111 1092 1160 nutaretur
1106 1120 1142 1162 tot
1159 1129 1188 1164 aa

65 1167 118 1216 dicit
127 1171 254 1232 anguillam
265 1185 279 1219 a
289 1169 441 1230 κάμπτεσθαι,
459 1175 515 1234 quia
525 1189 607 1222 curva·
642 1175 739 1222 maculis
758 1189 773 1221 a
789 1175 936 1223 librariorum
951 1182 1046 1238 stupore
1062 1191 1188 1240 conspersa

64 1239 99 1279 tur
109 1237 132 1280 et
145 1245 181 1282 est
191 1235 282 1282 flexilis.
314 1235 353 1282 Ab
364 1237 446 1283 eodem
457 1239 528 1284 verbo
543 1238 607 1285 simi-
639 1237 721 1293 luisse,
733 1238 866 1302 gratimque
877 1241 975 1287 haberet
985 1241 1061 1287 doctis
1070 1242 1136 1304 viris,
1147 1243 1189 1304 qui

64 1297 91 1342 lis
101 1311 144 1344 vor
155 1307 192 1346 est
203 1299 333 1360 ααμπήθην,
342 1301 407 1363 qaod
418 1310 453 1347 est
464 1302 608 1350 adverbium.
640 1304 679 1349 vel
705 1318 794 1360 omnes,
817 1305 855 1350 uel
879 1305 990 1367 plurimas
1015 1304 1187 1364 abstersissent.

64 1359 142 1408 Bane.
175 1363 245 1412 Frob.
256 1364 387 1424 καμπηαήν.
404 1365 460 1413 Vct.
468 1366 608 1426 κᾶγσπαγσὴν
640 1365 677 1414 Tu
688 1383 741 1414 uero
751 1383 805 1415 eam
813 1368 937 1424 rationem,
955 1367 996 1430 qui
1009 1367 1085 1416 fraudi
1096 1377 1188 1418 vertere

63 1427 356 1478 sansanctissimae.
389 1429 426 1476 An
448 1429 546 1478 dixisset
565 1447 607 1494 po·
642 1439 717 1492 potes,
735 1447 816 1495 quum,
834 1431 959 1481 emendato
978 1439 1054 1488 textu,
1077 1441 1187 1494 portenta

63 1489 105 1536 tius
124 1493 195 1541 ααύδα
210 1493 319 1557 χρηστὴν
340 1496 367 1543 ἐκ
381 1499 485 1543 Βοιωτῶν
503 1493 608 1556 ἔγχελυν
639 1495 741 1557 priorum
758 1497 813 1545 eod.
831 1496 916 1560 quibus
933 1495 999 1544 adeo*
1011 1496 1144 1560 delectaris,
1161 1499 1186 1546 iu

62 1555 169 1604 Κωπαΐδα
177 1565 204 1604 ut
214 1559 319 1606 Acbaru.
330 1563 387 1607 880.
396 1559 506 1620 ἐγχέλεις
514 1558 606 1609 Katral-
639 1561 700 1607 notis
722 1561 823 1608 fideliter
849 1571 874 1608 et
893 1568 1001 1610 accurate
1019 1570 1188 1624 repraesentata
1230 1617 1242 1634 ‚,

62 1621 99 1668 iar
116 1628 140 1666 et
156 1623 213 1669 Pac.
223 1627 295 1672 1005.
307 1621 492 1684 ,stellionibus
510 1627 534 1671 iu
551 1641 607 1673 ana·
639 1624 757 1686 reperias?
777 1626 801 1672 Si
811 1635 889 1674 autem
898 1625 983 1688 aliquis
993 1633 1041 1672 tam
1052 1626 1134 1674 hebeti
1144 1641 1187 1689 pa-

61 1685 161 1746 pestico.
193 1685 334 1751 SedStepls.
347 1689 406 1751 Byr.
422 1689 606 1748 daoalmsllo·
639 1689 688 1736 lato
709 1697 753 1745 est,
771 1700 797 1736 ut
818 1705 925 1752 saporem
938 1689 1037 1752 'optimae
1067 1690 1187 1748 lectionis,

60 1747 147 1807 salens.
160 1750 243 1798 Bsur.
260 1751 406 1813 κάγαπητὴν.
438 1752 478 1802 Sic
488 1753 607 1816 duoRag.
639 1753 761 1802 sententia
778 1769 806 1802 es
822 1755 886 1801 omni
904 1761 968 1816 parte
979 1754 1150 1810 convenientis,
1163 1763 1188 1804 et

59 1821 83 1858 ut
92 1813 166 1862 Biset.
177 1825 242 1862 recte
260 1817 401 1865 emendavit.
438 1817 502 1866 Ante
518 1834 572 1866 eum
593 1836 606 1866 e
638 1817 669 1864 ad
684 1819 798 1881 loquendi
809 1833 913 1866 normam
925 1827 1022 1875 exactos,
1033 1834 1080 1864 non
1092 1820 1185 1882 probet,

59 1876 119 1924 lunt.
140 1879 272 1942 legebatur,
297 1891 324 1929 ut
350 1890 386 1929 est
406 1881 431 1929 in
451 1881 515 1946 Aug.
535 1885 606 1932 παῖδα
637 1881 750 1944 aliudque
761 1885 811 1931 sive
820 1882 932 1946 ingenioli
949 1882 1085 1931 ostentandi
1094 1883 1187 1945 cupidi·

59 1939 164 2004 χρηστὴν
174 1945 305 2003 cauneis,
320 1947 370 1993 sine
381 1947 428 1994 ullo
440 1963 517 1995 sensu.
551 1948 605 1997 Hoc
637 1961 675 2002 ne,
693 1949 741 1995 slve
757 1948 900 2009 obloquendi
917 1945 994 1994 studio
1013 1947 1145 2009 conquirat,
1166 1948 1188 1995 is

60 2007 172 2072 exemplo,
183 2009 309 2072 multisque
320 2011 373 2060 aliis
385 2012 470 2073 passim
481 2013 552 2058 iubis
562 2027 605 2061 no·
638 2011 762 2058 ludibrium
788 2012 885 2060 debebit
905 2019 929 2058 ct
950 2011 1118 2067 exsibilabitur,
1139 2027 1187 2076 quo
1222 2072 1226 2080 „

59 2070 86 2116 tis
104 2071 188 2136 obviis,
207 2074 337 2121 ostenditur
355 2076 443 2138 optime
460 2075 489 2123 de
500 2077 606 2138 antiquis
637 2076 709 2124 modo
724 2076 798 2124 Kust.
817 2077 848 2124 ad
867 2078 929 2122 huuc
950 2077 1029 2124 locum
1046 2076 1126 2139 excipi
1144 2091 1187 2136 par

57 2137 188 2184 auctoribus
204 2153 331 2202 eorumque
347 2139 460 2186 studiosis
477 2143 557 2188 mereri
569 2143 604 2190 vi·
638 2147 684 2195 est,
701 2141 742 2204 qui
759 2141 863 2204 eleganti
875 2139 952 2189 Biseti
969 2141 1130 2188 emendationi
1146 2139 1188 2187 fri-

57 2214 93 2246 ros
106 2201 198 2258 doctos,
214 2205 255 2266 qui
270 2203 366 2251 sublatis
383 2204 528 2252 librariorum
539 2221 604 2254 men·
631 2207 715 2266 'gidma
736 2206 840 2268 praetulit
860 2213 884 2252 et
902 2205 1053 2265 ταυτολθγον
1073 2205 1111 2252 Fl.
1130 2205 1191 2254 Chr.

57 2263 98 2319 dis,
119 2259 234 2329 genuiubs
250 2264 362 2316 revocant
381 2284 450 2316 voces
471 2271 604 2334 somnusque
637 2270 793 2331 conjecturam
816 2270 939 2327 Konoissv.
973 2269 1026 2316 Nec
1045 2269 1129 2316 unicus
1149 2269 1189 2316 bic

56 2327 175 2392 loquendi,
195 2347 253 2394 quas
268 2331 325 2393 illis,
337 2342 363 2380 ut
374 2333 420 2396 ipsi
436 2333 493 2381 olim
505 2338 604 2398 auctori,
639 2334 704 2380 locus
724 2343 760 2380 est
779 2335 819 2382 ubi
840 2333 908 2380 Kust.
921 2332 1036 2398 judicium
1058 2332 1189 2381 desideres.

55 2391 140 2455 ingenii
159 2411 269 2460 warsten,
288 2397 375 2459 lingua
397 2397 490 2461 peritia,
510 2410 535 2446 et
550 2415 604 2462 pcr-
639 2398 671 2445 V.
681 2397 776 2445 Thesm-
789 2403 845 2448 128.
863 2399 982 2445 Brunca.

54 2465 132 2519 specta
141 2463 261 2508 sententia
272 2470 407 2525 suggerunt.
439 2461 498 2511 Haec
509 2465 604 2526 quidem
671 2467 727 2511 703.
744 2464 824 2512 θ’ἐκσ.
839 2463 887 2509 Ms.
898 2463 962 2510 Tria.
974 2461 1059 2510 Dour.

54 2521 102 2570 laus
120 2539 135 2571 a
153 2525 211 2572 viris
227 2525 365 2588 quibusdam
381 2526 544 2576 artiseriticae
559 2529 605 2576 im·
671 2529 727 2576 706.
743 2527 794 2574 Ms.
811 2525 940 2583 παύσησθε.
973 2527 1039 2588 Lege
1061 2525 1188 2576 παύσεσθε.

54 2587 168 2647 peritisin
187 2590 301 2638 invidiam
318 2591 423 2639 trabitur.
455 2592 526 2648 Quod
539 2593 605 2654 pueri
638 2591 721 2639 Boas.
739 2591 808 2651 καύχύ
823 2591 855 2650 μὴ
871 2590 997 2639 παύσεσθε.
1030 2590 1069 2637 Sic
1089 2591 1120 2637 ad
1136 2605 1188 2642 rec·

55 2649 187 2710 audiemnt,
203 2663 322 2720 receptam
337 2656 363 2702 iu
383 2665 489 2704 veterum
513 2657 605 2720 scriptis
638 2664 685 2703 tam
698 2656 809 2718 loquendi
817 2671 920 2702 ausuram
932 2653 1000 2702 scribi
1017 2654 1107 2710 debuit,
1124 2657 1188 2717 quod

54 2715 180 2766 lectionem
208 2719 327 2767 immutari
358 2735 407 2768 non
436 2721 521 2768 debere
554 2722 605 2770 sine
638 2721 710 2768 certis
725 2720 870 2783 argumentis
885 2719 999 2767 adstruxit
1008 2719 1104 2766 Dawes.
1116 2719 1188 2768 Misc.

55 2779 129 2832 Codd.
142 2783 291 2840 auctoritate,
309 2787 386 2847 legem
396 2783 435 2840 iis,
449 2785 535 2848 quibus
546 2801 603 2846 pau·
639 2783 699 2832 Crit.
709 2789 796 2848 pm.
808 2786 879 2847 vulgo
888 2784 1018 2841 παύσησθε,
1046 2784 1123 2840 Quam
1134 2796 1189 2846 pro·

54 2858 94 2906 per
104 2855 141 2894 est
159 2847 250 2910 ingenii
260 2863 329 2905 vena,
347 2851 470 2912 tenuisque
490 2849 604 2898 cruditio-
638 2849 704 2896 clivis
715 2849 819 2914 fueritin
828 2848 1001 2900 commutandis
1011 2849 1087 2895 modis
1099 2847 1186 2895 librari-

53 2909 87 2954 nis
107 2920 246 2975 apparatus,
265 2929 320 2961 sane
330 2913 528 2976 percommodam‚
544 2917 604 2962 banc
638 2923 702 2960 orum
715 2915 803 2977 lapsus,
812 2913 940 2977 praesertim
952 2913 1107 2976 ignorantium
1119 2911 1188 2974 quid·

55 2977 161 3024 omuibus
177 2977 313 3040 impositam
327 2993 378 3026 esse
395 2979 523 3026 clamitant.
557 2981 604 3027 Sed
637 2993 693 3024 nam
706 2979 841 3042 interesset,
851 2978 1038 3026 illsucanalter
1051 2992 1189 3044 pumuoga·

54 3038 124 3090 dicite
142 3041 211 3096 mibi,
222 3056 311 3106 quaeso,
327 3057 435 3106 quaenam
454 3050 491 3090 est
507 3043 549 3090 illa
570 3060 605 3092 re·
639 3043 692 3089 tisis
712 3044 834 3105 particulis
851 3043 878 3090 oi
896 3041 929 3102 μὴ
945 3042 1103 3104 adhiberetur,
1119 3057 1188 3089 nemo

54 3112 123 3165 cepta
132 3105 214 3161 lectio,
229 3121 271 3169 pro
281 3123 329 3170 qua
338 3115 385 3156 tam
396 3107 479 3156 acriter
489 3108 605 3170 digladia·
637 3121 686 3152 non
695 3107 773 3167 uidet;
784 3114 810 3154 et
820 3105 920 3168 proinde
929 3103 986 3168 quid
998 3107 1189 3169 amplectendum

53 3168 128 3216 mini?
146 3171 240 3219 scilicet
252 3187 280 3218 ea
291 3179 338 3235 est,
351 3161 420 3235 quam
431 3171 526 3235 ptaeiert
536 3173 605 3229 liber,
637 3171 668 3216 sit
678 3187 706 3217 ex
714 3179 836 3234 perspecta
845 3171 932 3232 linguae
942 3169 1023 3217 indole
1033 3172 1111 3232 potius
1119 3173 1190 3236 quam

53 3246 98 3294 quo
114 3233 227 3283 utimini:
245 3235 283 3283 bic
304 3253 341 3283 er.
358 3251 393 3299 gr.
408 3235 545 3296 reperirint
566 3253 606 3284 su·
639 3235 756 3298 ascriptis
766 3235 831 3282 libris
841 3234 1016 3282 decernendum
1032 3243 1076 3281 est.
1108 3233 1143 3280 Hi
1153 3241 1190 3280 ta·

52 3309 101 3357 pra,
112 3303 173 3349 677.
181 3297 239 3348 tois
248 3299 422 3350 ἀναπλεῖσθαι.
446 3300 494 3348 Sed
505 3303 607 3350 absurda
639 3315 703 3356 men,
720 3313 767 3364 quo
787 3311 842 3346 sunt
858 3298 1000 3361 antiquiores
1011 3305 1036 3345 et
1045 3297 1191 3346 emendatio*

53 3368 108 3408 sunt
121 3363 176 3419 ists,
195 3377 249 3426 quae
265 3365 363 3424 nullam,
382 3381 413 3412 ae
431 3373 536 3414 coactam
553 3367 606 3428 qni·
639 3379 684 3419 res,
701 3379 730 3412 eo
739 3365 818 3412 minus
827 3363 908 3411 bacin
920 3371 987 3425 parts
998 3369 1109 3425 peccant,
1127 3361 1191 3472 quod

52 3425 115 3484 dem,
127 3428 258 3476 admittunt
268 3429 501 3492 interpretationem:
518 3445 563 3479 aec
572 3432 608 3477 vir
640 3429 726 3492 saepius
751 3429 804 3476 aliis
825 3429 850 3476 in
872 3427 955 3476 comici
977 3428 1035 3474 locis
1062 3435 1127 3476 osten
1146 3441 1192 3474 am.

52 3489 174 3554 quispiam
193 3495 295 3555 'elegans
317 3495 453 3558 hujusmodi
476 3495 557 3542 sordes
577 3495 607 3542 ob
640 3493 712 3541 Nunc
733 3494 872 3556 tragicorum
891 3491 999 3556 quisdam
1015 3493 1068 3538 loca
1087 3491 1191 3553 prolerre

53 3557 134 3604 oculos
143 3557 230 3604 babere
240 3559 307 3614 velit,
318 3561 403 3622 quibus
412 3559 479 3606 nulla
488 3573 537 3606 non
547 3573 606 3621 pra·
637 3557 707 3621 juvat
722 3573 774 3621 quae
792 3551 944 3606 certissimarri
962 3557 1024 3604 hanc
1041 3555 1122 3605 Greci
1144 3571 1193 3604 ser·

50 3619 151 3670 ferenda
161 3621 300 3685 conjectura
309 3633 355 3670 est.
380 3624 606 3672 Lectionibusame
640 3624 716 3670 monis
731 3637 756 3670 re
790 3623 835 3669 lam
853 3621 999 3670 confirmant.
1032 3621 1106 3684 Soph.
1127 3621 1195 3668 Elec.

51 3686 251 3752 repositis‘nulla
266 3689 367 3750 amplius
378 3689 538 3736 controversia
555 3704 606 3735 mo·
639 3687 751 3748 aizoi-1
791 3705 820 3736 σε
830 3687 862 3746 μὴ
878 3687 941 3750 γήρᾳ
955 3703 984 3734 σε
1002 3684 1041 3734 sal
1057 3685 1133 3748 χρόνῳ
1150 3703 1195 3744 μα·

52 3751 103 3797 veri
112 3756 205 3814 potest,
221 3765 279 3814 quas
296 3753 354 3800 satis
370 3754 506 3800 confirmant
516 3761 607 3801 veteres
640 3753 687 3813 κρῷ
701 3749 705 3817 Ι
718 3751 846 3812 ‘puduistis'
853 3750 1038 3800 ὑποπτεύσουσιν
1044 3747 1195 3809 araneant-

50 3813 130 3873 libris
147 3831 188 3864 ma
207 3816 309 3879 primum
326 3817 439 3880 inspecti.
470 3816 519 3864 Sed
540 3825 607 3865 ante·
640 3833 688 3864 ναν.
724 3815 801 3866 Vides
811 3817 986 3877 stipassent.
998 3820 1021 3864 2.
1033 3814 1094 3878 subj.
1107 3814 1197 3888 etiae:

53 3892 126 3942 quam
145 3879 180 3928 sic
199 3881 301 3928 suffultae
322 3890 410 3938 essent,
426 3882 522 3929 dixisset
538 3882 607 3930 Bise-
640 3879 1016 3932 medoouuwluturumindicin
1026 3878 1199 3940 eademphrasr

53 3952 140 4007 to,aut
151 3945 175 3992 ei
193 3945 234 4007 qui
249 3945 378 4010 prudenter
388 3945 483 3996 doctam
499 3946 607 4010 ingenio·
629 3947 755 4009 »conjungi
772 3961 826 3994 curn
845 3947 873 3994 ot
889 3946 930 4006 μή.
964 3944 1012 4000 Qui
1022 3941 1196 3990 Parisiensibus

53 4024 154 4072 samque
167 4008 264 4058 Dawes.
275 4012 404 4074 recepisset
419 4011 609 4060 emendationem
642 4011 753 4058 librorum
770 4010 918 4058 institoribus
929 4023 1004 4070 nuper
1019 4022 1112 4069 operam
1130 4019 1197 4053 susm

51 4073 181 4121 infrunitus
192 4074 279 4150 aliquis
296 4071 396 4124 censor:
414 4083 430 4120 ‘.‘
442 4077 511 4124 Heus
522 4084 557 4138 tu,
569 4091 610 4124 cur
643 4074 742 4132 addixit,
759 4083 787 4123 ut
797 4083 852 4123 ante
864 4073 960 4134 triginta
970 4071 1062 4119 circiter
1071 4085 1146 4119 annos
1157 4085 1197 4118 ex·

52 4145 178 4200 receptam
189 4138 315 4186 lectionem
332 4155 346 4188 e
365 4141 498 4205 conjectura
512 4141 609 4188 mutas?
644 4155 702 4188 cuso
720 4141 793 4204 Sopb.
815 4137 987 4201 prefationem,
1003 4143 1080 4192 notas,
1102 4135 1199 4183 metrica

53 4202 151 4258 Quiane
162 4203 285 4266 probabile
291 4204 337 4252 tibi
347 4205 448 4262 videtur,
462 4206 486 4252 id
499 4205 562 4267 quod
573 4221 610 4252 re·
646 4205 735 4252 scholia
756 4203 860 4258 adderet,
887 4217 917 4248 ne
934 4202 981 4248 situ
1001 4208 1199 4263 corrumperetur,

52 4267 141 4329 ponis?
171 4267 219 4316 Sed
235 4268 335 4317 aliosde
352 4285 381 4316 eo
400 4285 469 4318 secus
486 4269 611 4334 judicabit,
646 4277 784 4330 sumtusquo
801 4281 920 4328 nunquam
940 4266 1068 4314 ersarciret
1089 4279 1152 4322 suos,
1169 4266 1200 4312 ad

52 4345 172 4396 suamque
183 4331 343 4395 conjecturam
352 4334 469 4391 inlsrriet,
479 4349 549 4395 quam
561 4350 612 4381 rur·
646 4334 715 4381 illum
729 4333 811 4396 tragici
822 4333 897 4378 lucum
910 4329 945 4378 sic
960 4337 1140 4379 commentatur.
1163 4329 1205 4404 Cl.

53 4411 108 4465 aum
128 4397 251 4454 aliusnon
265 4399 333 4447 flocci
350 4399 422 4447 saciet
436 4413 483 4462 pne
501 4413 530 4446 co
549 4399 613 4462 quod
648 4399 754 4447 Bruuck.
782 4413 810 4445 ex
832 4396 869 4444 Cl.
895 4395 992 4444 Dawes.
1014 4396 1108 4460 legibus
1129 4393 1206 4444 edidit

119 4477 202 4528 Arist.
216 4480 275 4528 Nat.
289 4536 290 4540 Ἰ
611 4479 647 4526 11.
1091 4481 1105 4524 θ
1117 4475 1140 4522 Β
