2904 4908
522 337 528 374 l

230 429 290 484 uus
526 423 649 482 Nora
671 394 713 482 tu
737 420 1072 482 uursnouuuuau.
1151 405 1360 496 [vers-otu

234 583 362 646 Perpetem
382 583 452 646 vulgo
468 581 612 696 ίρριφίρυυν.
640 582 669 631 l'.
687 561 779 632 Meum.
811 583 882 646 gitur,
901 583 943 632 aed
956 577 1215 640 muliml’rpror‘ptv.
1246 576 1362 640 Legerem
1443 541 1444 574 t

236 645 279 696 Gr.
290 647 343 696 Fer.
352 649 376 696 in
387 647 475 711 Ἀῥρηφ
488 665 533 710 ρια,
545 648 663 695 Bauucn.
811 657 892 696 eutem
911 645 1064 707 καταχέουσα
1082 643 1127 702 τὴν
1147 661 1213 707 κροκ.
1247 641 1316 699 Quid
1336 641 1364 690 sit

267 715 324 762 tta.
341 710 519 775 εἶτ’ίιλετρίςῆ.
552 712 590 760 De
608 713 645 758 his
663 711 782 760 molitrici-
812 721 892 760 eutem
915 711 1000 774 ἄρκτος
1026 711 1052 759 έν
1071 707 1228 773 Βραυρωνίοις,
1257 724 1280 754 ν.
1300 708 1363 769 epad

235 775 403 827 busuilcbol.
436 777 500 824 illud
521 785 597 824 eutem
613 773 629 834 ἣ
648 784 738 837 eatpro
753 775 783 835 ἦν
812 776 879 824 Suid.
906 775 1018 838 Virgines
1036 783 1143 836 nupturae
1163 787 1229 820 sacre
1244 771 1365 820 faciebant
1443 767 1444 832 ζ

235 850 259 888 et
280 839 342 900 ἥμην
359 857 430 898 eram,
444 848 477 888 'ut
493 840 557 888 Plut.
576 846 616 890 tt.
633 841 673 887 ubi
693 857 716 887 v.
732 849 783 890 not.
813 839 938 896 Artemidi,
950 851 974 888 ut
990 841 1036 888 hoc
1054 838 1173 902 ἂρκτειίειν
1183 837 1309 886 dicebatur
1328 836 1365 882 vel

235 905 274 952 De
282 905 370 956 δεκέτις
382 922 406 952 v.
420 913 470 954 not.
485 919 536 966 seq.
558 903 638 952 Banu.
653 903 668 963 ἣ
686 905 783 954 δεκέτις.
812 903 955 962 δεκατεύειν,
969 905 1026 966 quia
1043 904 1162 952 decennes
1181 909 1251 950 erant
1261 900 1365 976 rirgiues
1443 933 1444 936 =

235 969 297 1018 Bato
308 969 384 1028 desse
395 985 438 1032 pro
450 969 477 1018 έα
488 984 529 1034 per
539 967 665 1033 synaeresin
676 977 701 1016 et
719 971 783 1018 hunc
813 968 978 1033 δρκτεύουσαιε
995 984 1026 1016 ne
1043 983 1074 1016 uc
1094 969 1157 1015 enim
1173 967 1279 1013 minores
1296 979 1365 1027 qum-

235 1034 313 1084 locum
330 1031 499 1082 inuuiusuid.
517 1049 575 1080 νοοο
591 1031 615 1091 ἦ,
628 1039 669 1080 aut
679 1035 784 1097 positum
813 1050 859 1098 que
878 1049 990 1082 annorum
1008 985 1047 1080 vil
1064 1032 1163 1096 majores
1174 1031 1261 1078 decem
1272 1037 1364 1092 oporte-
1443 1087 1444 1090 ρ

236 1108 326 1163 estpro
343 1100 413 1160 ἥμηνι
432 1097 558 1145 chria.
579 1098 649 1146 Frob.
665 1095 697 1156 ἧς
723 1095 784 1156 ahi
812 1099 925 1152 barense.
957 1097 1098 1160 Corrigenda
1118 1097 1175 1143 mihi
1190 1095 1303 1142 videntur
1313 1094 1364 1141 He·

236 1164 252 1212 i.
263 1177 284 1210 ο.
295 1163 325 1222 ἦν
336 1164 417 1212 Attice
435 1173 459 1210 et
477 1160 561 1232 Μαῆ·
586 1162 638 1212 ἀντί
654 1163 698 1212 τοῦ
714 1163 784 1226 irip-
813 1165 880 1228 sycb.
891 1163 1036 1226 grammatici
1048 1161 1136 1209 veteris
1153 1159 1305 1224 exemplaria,
1325 1158 1364 1205 ubi
1443 1161 1444 1164 ’

235 1245 289 1291 χον.
300 1229 382 1276 Banu.
645 1249 647 1254 ¹
813 1227 847 1275 ait
865 1227 969 1292 ἅρκτεία·
985 1230 1034 1276 τῶν
1051 1224 1226 1289 ἀριστευομένων
1246 1223 1365 1288 παρθένων

268 1296 323 1342 644.
337 1291 486 1356 Ἀρχη-ρέσις.
512 1291 668 1340 Scribeudum
685 1292 785 1354 est'Ap·
812 1292 921 1350 τελςυτή·
947 1290 1053 1356 ἀρκτείει
1070 1289 1118 1354 γὰρ
1136 1289 1265 1352 καθιεροῦν.
1297 1289 1365 1350 Lege

235 1355 330 1420 mitt,
341 1366 368 1406 ut
378 1361 408 1406 sit
419 1358 511 1406 dativus
522 1363 666 1412 contractus,
678 1357 717 1403 vel
728 1356 785 1404 scri-
812 1357 901 1415 τελετὴ
917 1364 942 1404 et
958 1355 1083 1420 δρκτειίτιν.
1117 1354 1192 1404 Paulo
1203 1350 1260 1416 post
1271 1353 1310 1400 ubi
1322 1353 1365 1400 ha·

235 1422 340 1470 bendum
351 1424 410 1470 citra
426 1421 609 1471 contractionem
624 1419 783 1481 Ἀρχηγέτιδα
812 1423 855 1470 bes
870 1422 901 1480 itu
915 1421 949 1480 ,δν
964 1420 1077 1481 ἀναμείνω
1095 1419 1221 1466 delendum
1240 1417 1272 1466 τδ
1290 1416 1320 1466 dr
1339 1425 1365 1464 ut

235 1485 264 1533 In
275 1486 355 1533 dativo
364 1488 456 1550 accepit
465 1485 554 1541 Schola,
566 1484 630 1547 apud
641 1500 712 1547 quem
727 1486 784 1548 legi·
814 1487 930 1550 glossema
945 1487 989 1534 τοῦ
1002 1486 1038 1543 ἥν.
1071 1484 1119 1532 Sed
1130 1485 1195 1546 quod
1204 1482 1324 1530 Probulas
1334 1483 1367 1530 ait

235 1561 273 1598 tur
288 1551 425 1613 Ἀρχηγέτι,
442 1553 474 1616 τῇ
487 1549 596 1614 δεσποίνῃ
616 1547 739 1612 Ἀρτέμιδι,
758 1549 785 1597 id
814 1567 883 1614 supra
895 1551 939 1616 [ipa
949 1549 1091 1616 προύφείλω,
1102 1551 1126 1595 in
1140 1549 1227 1596 Venet.
1240 1547 1280 1595 ed.
1297 1547 1367 1594 deest

234 1615 491 1666 estDiunedomittae.
526 1613 591 1662 Ordo
607 1624 684 1661 aulem
703 1617 785 1662 horum
813 1615 911 1664 Probuli
929 1629 1030 1678 persone
1044 1622 1070 1662 et
1086 1613 1192 1676 loquitur
1209 1612 1298 1660 chorus
1315 1627 1365 1658 mu·

233 1681 357 1730 verborum
373 1689 426 1730 est:
450 1677 509 1730 oded
526 1697 554 1727 τε
574 1677 670 1735 δεκέτις,
692 1677 708 1737 ἦ
729 1677 785 1743 έίρκ·
813 1679 905 1728 lterum.
916 1680 935 1727 F
939 1695 961 1730 α.
972 1680 1040 1728 Criu.
1068 1677 1187 1740 Virgines,
1200 1690 1275 1737 quum
1284 1675 1366 1723 initia·
1443 1725 1444 1728 ,

234 1761 276 1793 τος
294 1747 319 1794 έν
335 1743 493 1809 Βραυρωνίοις,
511 1741 783 1806 κατέχουσακροκωτίν.
812 1754 894 1795 rentur
910 1745 1005 1800 Dinnae,
1022 1743 1145 1807 oportebat
1156 1741 1300 1792 crocotulam
1312 1756 1367 1804 ges-
1443 1791 1444 1794 ,

235 1808 329 1872 Nempe
345 1812 448 1876 virginee
459 1809 552 1857 decimo
569 1807 645 1856 aetatis
658 1809 784 1857 initiaban-
814 1814 890 1857 tentes
910 1809 970 1856 iuter
989 1807 1164 1856 sacrificandum
1182 1813 1275 1868 reptare
1291 1805 1367 1852 instar

234 1881 271 1920 tur
283 1873 377 1932 Diauae,
388 1873 453 1924 unde
470 1873 496 1921 id
513 1871 645 1922 beraretur
655 1873 785 1922 dicebatur.
813 1889 873 1922 urere
884 1892 891 1933 ;
908 1873 971 1922 unde
993 1873 1066 1924 etiam
1081 1869 1236 1935 ’ἂρκτείεοθαι
1246 1869 1295 1917 illae
1308 1877 1366 1918 tunc

145 1973 146 1978 ,
235 1937 265 1986 V.
277 1946 326 1985 not.
337 1956 387 2004 seq.
402 1941 487 1987 Baao.
513 1937 579 1999 Lege
597 1935 657 1986 οὔτέ
672 1935 694 1984 τ’
710 1937 785 2000 δρχη·
814 1939 962 1988 dicebantur.
994 1937 1113 2002 Originum
1130 1936 1196 1984 illius
1212 1935 1273 1982 ritus
1289 1949 1365 1998 expe·

234 2001 306 2062 γέτις.
321 2005 370 2052 Me.
388 2002 483 2060 οὖροι)
499 2002 625 2066 ἀρχηγέτα
642 2003 677 2066 τῇ
692 2002 784 2052 δεστοί-
814 2013 873 2052 nunt
900 2002 1047 2068 grarumatici
1073 2001 1160 2050 Greci.
1204 2000 1287 2064 Quum
1307 2001 1364 2046 olim

234 2067 437 2132 νρἈρτέμιδι,ο“ις
452 2065 566 2132 Δήμητρα
590 2067 652 2130 Ergo
669 2069 728 2114 ordo
748 2074 786 2115 est
814 2065 916 2116 Athenis
942 2068 1028 2118 luisset
1055 2066 1134 2114 occisa
1154 2079 1211 2112 ursa
1231 2071 1364 2120 mansueta,

234 2131 352 2196 dhrrplsil
363 2133 453 2182 δεκέτις
470 2129 530 2182 οὖσα
544 2133 576 2196 τῇ
590 2131 714 2194 ἀρχτκνέτι.
731 2130 784 2196 κᾷτ’
814 2131 900 2180 Dicuae
918 2147 993 2188 sacru,
1004 2132 1067 2196 quod
1078 2131 1168 2179 irritata
1178 2129 1282 2203 lecisset
1290 2144 1366 2194 quan·
1443 2159 1444 2204 ρ

235 2197 325 2258 έχοντα
341 2197 383 2246 τδν
404 2196 523 2261 κροκωτὸν
543 2195 627 2260 ἄρκτος
645 2194 662 2261 ᾖ
681 2203 785 2260 Βραυρω·
814 2195 866 2245 dam
889 2197 1011 2262 virginem,
1039 2193 1178 2260 pestilentia
1198 2209 1255 2242 mox
1275 2193 1365 2242 invasit

234 2260 298 2311 νίοις.
321 2263 384 2310 Scal.
406 2260 556 2322 καταχέουσα
573 2261 616 2310 τδν
636 2260 785 2322 κροκωτδν-
813 2262 942 2325 regionem.
982 2261 1023 2310 Ad
1042 2259 1182 2325 placandam
1201 2258 1283 2322 itaque
1305 2257 1364 2305 Din-

234 2324 287 2383 ii'r.
305 2327 336 2376 V.
349 2325 414 2374 Suid.
426 2327 450 2373 in
463 2325 547 2389 ἄρκτος
564 2327 590 2374 έν
601 2333 683 2390 Βραυρ.
700 2323 794 2374 Baua*
814 2341 869 2374 nam
879 2327 1056 2374 introduxerunt
1065 2325 1132 2372 illum
1147 2323 1226 2370 ritum.
1261 2321 1365 2380 Quidam

233 2389 370 2452 Ἀρχτηέτι.
403 2391 442 2438 Sic
463 2399 511 2438 tres
538 2391 617 2438 Codd.
657 2391 786 2454 Perpetem
813 2391 973 2453 veredicunt,
991 2391 1042 2452 ίίίρ,
1060 2405 1112 2454 quae
1129 2388 1193 2436 circa
1211 2387 1366 2452 Iphigeniam

232 2456 305 2518 vulgo
318 2454 467 2518 Ἀρχτχέτια
501 2454 603 2501 Βατίνιος
621 2462 658 2501 est
678 2464 784 2504 comme-
813 2455 838 2502 in
856 2455 942 2504 Aulide
963 2455 1089 2518 contigisse
1108 2453 1225 2514 tenantur,
1240 2459 1268 2500 ut
1282 2459 1366 2500 notum

234 2527 280 2573 tue.
292 2519 394 2580 ιιῑμήτι.
417 2519 469 2582 [Cf.
480 2519 587 2566 Lobeclr.
605 2517 637 2566 ad
652 2518 742 2584 Pbryn.
761 2536 786 2582 p.
814 2533 845 2566 ex
856 2519 939 2582 Eurip.
951 2520 973 2568 in
987 2520 1118 2574 Braurone,
1131 2519 1184 2566 loco
1199 2517 1302 2578 quodam
1320 2515 1366 2564 At-

234 2585 303 2648 429.]
325 2585 475 2649 Significatur
489 2584 578 2640 Diana,
596 2597 649 2646 quar
669 2583 693 2630 in
710 2585 784 2632 Brau-
813 2583 877 2641 ticae,
893 2585 956 2632 secta
974 2599 1034 2640 esse,
1045 2584 1087 2632 sed
1099 2583 1169 2645 paulo
1180 2582 1257 2629 aliter.
1284 2581 1366 2637 Quum

233 2653 290 2696 rbne
301 2649 430 2713 colebatur,
441 2659 466 2696 et
473 2663 560 2712 preces
575 2655 624 2695 eret
639 2648 703 2695 illius
719 2650 785 2711 pagi.
813 2649 877 2696 enim
893 2649 928 2696 ihi
946 2649 1109 2712 Agamemnon
1125 2654 1189 2695 esset
1201 2647 1366 2694 immolaturus

142 2733 144 2740 ¹
234 2713 266 2761 V.
278 2729 356 2762 misus
368 2715 458 2762 llleurs.
476 2713 519 2761 Gr.
534 2712 586 2760 i'er.
604 2712 629 2759 in
647 2712 785 2775 Βραυρωνια.
813 2712 899 2761 Dianae
911 2713 982 2762 filiam
994 2729 1062 2761 snam
1071 2711 1233 2776 Iphigeniam,
1250 2712 1313 2758 hanc
1329 2711 1365 2758 di-

233 2778 353 2826 Bauucr.
374 2775 575 2840 οὖσατίιρχνγρέτι
591 2777 729 2826 Buttmann.
741 2779 785 2827 Gr.
813 2777 868 2824 vina
890 2779 976 2828 virtute
997 2793 1029 2826 ex
1049 2779 1114 2826 caede
1134 2785 1242 2840 ereptam
1259 2791 1321 2832 esse,
1342 2788 1367 2822 et

234 2841 277 2890 Gr.
293 2851 311 2889 t.
323 2843 341 2889 i.
357 2859 383 2906 p.
398 2847 454 2892 211.
474 2843 556 2889 Drun.
583 2839 642 2890 οὖσα
659 2842 784 2906 ἀρχηγέτα
813 2841 867 2890 loco
888 2843 938 2908 ejus
956 2843 988 2890 ad
1003 2840 1155 2892 mactandum
1174 2840 1309 2904 subjectam
1328 2855 1366 2888 ur·

233 2907 390 2956 MmDoer,
814 2921 1047 2963 sumnoncervum.
1078 2906 1164 2968 Itaque
1181 2904 1308 2970 δρκτευσις
1326 2905 1366 2952 illa

264 2975 322 3020 ott.
345 2969 498 3032 καταχέουσα
515 2969 558 3018 τδν
574 2969 698 3034 κροκωτόν.
720 2971 782 3020 Mes.
813 2971 930 3036 virgiuum
950 2971 1084 3020 Atticarum
1102 2971 1127 3018 in
1146 2971 1284 3018 memoriam
1296 2965 1366 3030 hnjtu

234 3035 325 3083 δίκαια
340 3035 409 3083 Vuae.
420 3036 505 3084 rectius
516 3032 652 3095 κατέχουσα
669 3038 712 3084 τδν
729 3053 781 3099 κρο-
812 3036 848 3084 rei
864 3036 935 3084 suerit
952 3037 1068 3085 instituta.
1080 3037 1165 3084 Bnae.
1181 3034 1251 3098 ἦρτο
1262 3035 1365 3082 &said

233 3099 324 3148 ιοωτέν.«
334 3101 415 3148 Κυοτ.
440 3099 593 3162 καταχέουσαΙ
605 3099 649 3148 τὸν
666 3101 783 3162 κροκωτὸν
814 3099 893 3148 Μαι.
905 3099 997 3164 ἄρκτος.
1008 3101 1086 3149 Pons.
1108 3097 1366 3162 Articuloprrei'rtpr-

232 3163 318 3226 lipurm
337 3164 353 3224 ἦ
371 3165 528 3228 Βραυρωνίοις.
560 3166 599 3212 Sic
610 3165 727 3228 legendus
743 3167 782 3214 hic
814 3182 862 3215 τος.
880 3165 896 3225 ἦ
906 3165 1053 3230 βραυρωνίοις
1071 3165 1095 3212 in
1112 3164 1151 3212 ed.
1170 3165 1240 3212 Med.
1254 3162 1365 3228 Ἄρκτος.

231 3244 321 3278 versus.
355 3231 480 3278 claudicat
495 3228 567 3291 vulgo
585 3231 615 3277 ob
631 3230 781 3279 omissionem
814 3228 901 3278 Dona.

232 3293 324 3342 articuli
341 3295 392 3351 τὸν,
411 3311 480 3358 quem
492 3295 582 3342 hahent
592 3301 641 3342 tres
653 3293 729 3343 codd.
740 3311 781 3343 cu·
847 3298 903 3343 oto.
920 3293 1102 3357 κᾶκαιτρρίρουν.
1130 3292 1182 3340 Ηοο
1204 3292 1277 3340 etiam
1295 3291 1367 3356 virgi·

228 3358 314 3422 jusque
323 3359 445 3416 iudicium,
465 3375 507 3406 seu
522 3359 605 3422 potius
614 3359 723 3422 reliquias
735 3375 781 3408 ser·
814 3373 870 3404 num
882 3367 940 3407 erut.
973 3357 1253 3408 V.inirullllb.Baue.
1331 3391 1333 3394 -

234 3433 290 3471 rent
300 3431 359 3474 vett.
376 3424 431 3473 edd.
452 3425 476 3471 in
493 3423 781 3486 quibueexcusum'uerc·
847 3427 903 3472 ott.
925 3425 1018 3486 oxuio’.
1045 3423 1084 3471 Sic
1103 3423 1134 3470 ed
1154 3421 1219 3469 metri
1239 3421 1366 3484 prescrip

231 3487 343 3550 χέουσαν.
376 3489 405 3535 Iu
417 3488 480 3551 Aug.
489 3488 612 3550 perspicue
621 3489 781 3550 καταχέουσα.
814 3492 866 3533 tum
895 3487 959 3550 [cum
982 3485 1066 3549 Bent]
1094 3485 1251 3535 scribendum.
1286 3485 1367 3548 Vulgo

128 3609 132 3620 Ι
231 3551 261 3598 ln
285 3551 371 3614 Regiis
391 3552 536 3615 κατέχουσα,
559 3554 622 3614 quod
644 3553 668 3600 in
690 3555 782 3602 duobus
815 3549 1037 3613 έχουσ’.Βκυυοκ.
1061 3553 1116 3600 ταῖς
1135 3549 1206 3610 καλὴ,
1224 3551 1314 3613 σχοῧοί
1332 3550 1368 3598 ἶσ-

231 3614 283 3664 aliis
297 3621 423 3679 *repertum
438 3617 611 3680 preterendum
622 3616 698 3673 duxit,
708 3618 781 3666 humo
813 3613 1010 3680 χιίδωνδρμαθίν.
1043 3616 1107 3664 Libri
1118 3631 1200 3663 omnes
1218 3631 1262 3678 pro
1278 3615 1368 3678 excid

230 3678 255 3726 in
267 3687 332 3727 textu
347 3682 450 3744 reposuit
460 3681 530 3728 Kutt.
541 3682 593 3728 sine
603 3682 652 3728 ullu
663 3671 781 3744 conmittes,
814 3681 902 3730 habent
923 3681 1011 3743 ἔχοντ’.
1043 3681 1132 3730 Dicere
1142 3680 1269 3736 debebam,
1280 3681 1369 3742 ingrati

231 3759 367 3807 summeque
394 3761 448 3794 cam
468 3746 538 3793 metri
558 3744 684 3810 imperitia.
717 3747 781 3796 Nam
814 3745 1073 3809 hiatuaritandigrrttie
1087 3744 1168 3806 ἔχοντ’
1178 3761 1216 3792 me
1233 3745 1260 3792 in
1274 3745 1369 3806 'quia'

231 3807 370 3871 κατέχουσα
390 3809 480 3873 respuit
498 3825 579 3856 versus
601 3810 712 3874 trochaici
732 3813 780 3870 ler,
813 3818 925 3864 muusse.
937 3811 967 3858 de
978 3812 1043 3860 metri
1053 3818 1129 3858 autera
1140 3809 1279 3874 praeempto
1289 3811 1368 3872 silere,

230 3889 284 3937 quoe
296 3877 422 3922 trochaeum
440 3875 631 3938 veltribracltym
644 3876 780 3938 neutiquam
813 3876 877 3937 quod
888 3877 985 3924 minime
996 3875 1128 3924 observavi.
1161 3873 1235 3932 Quod
1250 3875 1368 3936 enimpro

231 3953 285 3986 aero
301 3939 444 4004 pyrrichium
461 3940 487 3986 in
504 3939 578 4002 prima
593 3940 649 3987 sede
670 3941 781 3990 admittit.
813 3953 881 3987 versu
893 3941 957 3996 dedi.
968 3955 1048 3990 versus
1058 3956 1106 3987 non
1123 3944 1171 4001 est,
1184 3953 1215 3986 ne
1231 3939 1367 3986 trochaicus

231 4003 352 4062 Preteree
371 4004 470 4052 absurde
491 4011 529 4051 est
548 4003 589 4050 illa
609 4004 686 4052 lectio.
720 4006 781 4064 Quis
813 4004 918 4066 quidem,
934 4007 1023 4070 quippe
1037 4005 1079 4067 qui
1095 4003 1298 4053 desinetinduea
1315 4003 1367 4052 bre·

230 4083 333 4130 unquam
352 4067 468 4130 κατέχειν.
484 4067 602 4132 κροκωτδν
615 4069 700 4117 Graece
712 4072 779 4128 dixit,
814 4083 869 4129 νοις
892 4086 946 4126 nec,
965 4071 984 4118 ai
1005 4085 1047 4134 pro
1069 4070 1111 4117 tali
1129 4067 1209 4116 haberi
1228 4075 1322 4132 posset,
1342 4067 1365 4114 in

230 4147 273 4193 pro
294 4139 386 4182 crocotu
404 4137 515 4183 amictura
535 4138 601 4182 esset
628 4133 781 4196 καταχέουσα
813 4133 858 4182 hoc
868 4137 988 4184 cauticum
1007 4137 1049 4184 rite
1065 4134 1217 4188 insereretur,
1231 4132 1302 4196 cujus
1312 4147 1367 4179 eon-

229 4195 530 4262 rbvrrporturbrsignitieat
547 4199 635 4253 ίααυνκ,
653 4203 780 4250 reciarium
812 4201 910 4248 structio
917 4199 1028 4248 nonalioa
1036 4198 1139 4248 admittit
1147 4197 1366 4260 trochaicos,qnam
1443 4193 1444 4216 ί

223 4259 302 4322 fluere
328 4264 407 4312 cirtem
429 4269 553 4319 mucciunt,
574 4263 668 4326 fluente
688 4272 780 4315 crocata
812 4263 924 4312 dimetrus
934 4273 958 4313 et
969 4269 1121 4315 tetrametros.
1156 4261 1250 4310 Versus
1259 4277 1315 4309 esse
1327 4261 1369 4308 de·

139 4365 141 4372 ,
229 4323 455 4375 emittentium.
470 4326 779 4391 τδνκρ.Μο.Τυίο.Ι)οκκ.
811 4321 853 4376 bet
864 4336 997 4378 tetrameter
1010 4329 1137 4392 paeonicus,
1157 4327 1221 4390 quod
1240 4326 1369 4373 manifeste

230 4385 316 4449 demes
333 4387 352 4446 ἦ
368 4391 524 4452 Βραυρωνίοις.
551 4391 583 4440 V.
600 4393 696 4440 omnino
712 4393 780 4444 Suirl.
811 4393 941 4442 ostendunt
966 4403 1013 4444 tres
1034 4393 1123 4454 integri
1152 4390 1236 4454 pedes,
1261 4389 1369 4438 secundo

226 4465 251 4496 v·
263 4450 346 4512 lipurcs
356 4455 381 4502 έν
391 4456 540 4518 Βραυρωνίοις
549 4463 575 4502 ct
589 4445 668 4504 Schol.
684 4465 732 4506 ret.
748 4459 778 4508 ud
811 4455 904 4506 duobus
915 4459 1060 4522 temporibus
1079 4457 1181 4506 delecto.
1214 4455 1297 4504 Facile
1319 4463 1370 4502 erat

227 4515 290 4564 hunc
302 4517 388 4566 locum.
399 4519 477 4569 Κυοτ.
496 4521 530 4569 -Iu
548 4521 586 4569 cd.
606 4520 776 4580 Venetriule-
810 4521 920 4585 frequens
932 4523 1074 4573 librariorum
1087 4514 1212 4587 p'eccatum
1224 4520 1264 4569 bic
1279 4521 1368 4584 depre-
