2904 4908
97 405 136 472 v.
155 411 316 491 see-scu]
474 439 478 450 ι
549 413 820 478 ΑΥΣΙῩΓΡΑΤΗ.
941 471 943 478 ,
1184 417 1242 480 scr

94 579 163 622 sunt.
204 571 328 638 Integrum
349 573 533 624 choriambicum
551 585 656 640 systema
687 575 716 632 νῆ
733 574 775 624 Δί’
792 576 821 635 ἤν
836 591 866 636 γε
883 574 940 626 ris:
958 577 997 624 rel
1012 577 1071 625 torte
1090 592 1132 639 pro
1150 578 1179 636 νὴ
1195 577 1242 641 Δία

92 638 123 686 in
145 637 206 686 arcis
221 640 337 687 moenibus
346 639 471 687 recitatur:
489 648 539 688 tum
551 641 654 702 patefac·
687 639 740 702 lege
762 638 850 700 νῆτδν
868 639 979 688 Ἀπόλλω
997 642 1033 688 vel
1054 642 1130 688 simile
1148 642 1177 700 νὴ
1194 650 1241 691 Πο-

94 702 128 750 tis
137 703 228 751 foribus
238 705 357 768 prodeunt
367 703 390 750 in
402 719 498 752 scenam
510 709 565 754 ³50.
596 705 653 754 Per·
686 707 756 754 αειδῶ
775 706 810 753 vel
828 705 857 763 νῆ
868 703 995 754 Διύννποντ
1014 705 1058 752 sed
1068 707 1115 754 Ms.
1127 705 1147 755 ei
1158 707 1186 764 νῆ
1196 706 1240 756 Δί’

91 782 179 828 petam
195 778 249 832 post
266 769 408 831 Berg.rerti
418 769 514 829 foribus
528 772 655 820 succurrit.
685 769 730 828 ἤδη
751 769 794 819 τὰς
810 787 850 832 χν.
868 778 940 822 recte.
956 770 1038 818 Bsur.
1060 770 1156 829 δύ’-ἥδη
1177 771 1239 820 Mes.

92 831 127 878 In
147 831 214 896 Aug.
231 833 346 897 scriptum
367 832 469 896 θύρασιν,
486 833 606 896 frequenti
626 836 658 883 ti..
686 833 773 882 Dour.

93 896 226 946 braciorum
255 914 342 946 errore.
386 899 418 946 V.
440 901 469 946 ud
497 897 593 946 Thesm.
614 904 653 949 69.
718 903 774 948 361.
791 899 870 963 ὥσπερ
890 897 1022 948 Βουπάλου.
1055 899 1174 963 Bupalum
1196 916 1240 963 pro

94 961 222 1010 Βοῦνον.
243 963 318 1020 βοηθῆ
330 963 380 1011 Ms.
391 963 457 1010 Triu.
474 961 577 1026 θύραισιν
592 965 653 1014 Mss.
685 962 752 1010 asino
769 965 807 1012 vel
825 967 888 1012 ιοοΙο
898 965 1010 1012 dixerunt
1021 965 1121 1028 antiqui,
1138 974 1165 1012 ut
1177 965 1237 1028 Hip-

93 1025 134 1088 (v.
146 1027 176 1074 ad
187 1027 266 1090 308.).
283 1027 369 1076 Dona.
387 1027 468 1092 θύρασι
486 1031 568 1088 βοηθεῖ
585 1029 653 1079 Suiu.
686 1043 762 1087 ponar
772 1027 864 1085 λύβετέ
872 1047 917 1088 μου
927 1027 1050 1089 θοίμάτιον,
1070 1027 1134 1091 κύψας
1148 1031 1238 1085 βουτύ-

94 1091 138 1139 ed.
152 1091 199 1140 Me.
211 1092 237 1138 in
246 1087 354 1148 βοῆθεον.
365 1091 445 1141 Pons.
684 1099 729 1138 λον
746 1093 789 1142 τδν
803 1091 933 1156 δφθαλμύν.
966 1093 1066 1156 Eupolis
1081 1093 1135 1144 ὄνον
1151 1094 1239 1155 ’γνάθον

90 1174 93 1184 ·
129 1157 188 1204 est.
203 1153 228 1202 ri
238 1155 349 1218 βδύλλεθ’
360 1156 428 1216 ἡμᾶς.
460 1157 512 1206 Hoc
531 1159 595 1208 verbi
612 1173 650 1206 ac·
684 1155 745 1224 dixit
762 1159 792 1206 de
814 1157 932 1206 edacitate
953 1164 979 1204 et
995 1159 1141 1222 πολυφαγίᾳ.
1174 1161 1239 1208 Nam

94 1218 193 1281 cipiunt
212 1235 255 1282 pro
277 1219 404 1281 εὐτελίζειν
421 1229 446 1270 et
467 1222 582 1286 καπύνειν,
602 1231 652 1270 tutu
683 1221 799 1282 particula
818 1227 864 1278 βου
879 1221 968 1272 Graecis
988 1237 1080 1286 semper
1097 1223 1252 1286 significavit„

92 1297 141 1346 pro
165 1286 312 1334 terrefacere.
344 1285 392 1333 Sed
414 1287 482 1335 video
504 1289 576 1336 etiam
598 1304 652 1336 cum
683 1283 711 1332 rb
722 1286 794 1343 πολὺ,
809 1295 837 1334 ut
847 1287 963 1335 Hercules
974 1287 1097 1342 βουδούνας
1108 1296 1132 1335 et
1141 1288 1237 1344 βοντεύ·

91 1349 263 1396 terminatione
277 1351 428 1414 deponentis,
448 1361 474 1400 ut
492 1353 560 1402 aiunt
576 1352 652 1400 minu·
683 1365 733 1405 νας,
745 1367 792 1398 uon
804 1353 859 1414 quia
868 1353 950 1408 boves,
966 1352 1008 1400 sed
1019 1353 1075 1414 quia
1086 1354 1187 1401 multum
1196 1359 1240 1402 aut

92 1413 145 1460 tuli
154 1415 326 1476 grammati'stae,
338 1417 458 1478 passivam
476 1418 651 1480 sumeresigni-
683 1416 784 1463 esuriret
794 1423 836 1464 aut
845 1417 934 1464 ederet.
960 1415 1034 1478 Apud
1044 1418 1237 1480 glossographum

93 1477 241 1526 ficationem.
274 1479 327 1528 Hoc
339 1481 357 1527 si
369 1489 443 1544 esset,
454 1481 576 1544 legendum
588 1490 653 1530 esset
684 1479 873 1543 Hesych.l1abes
889 1480 1011 1537 βούπαλον
1025 1481 1089 1541 μέγα
1103 1482 1141 1531 καὶ
1157 1481 1237 1540 ὄνομα.

92 1537 172 1601 ἡμεῖς,
189 1559 238 1590 non
249 1541 317 1604 ἡμᾶς.
349 1545 396 1592 Sed
407 1546 472 1592 nulla
482 1553 589 1606 opusest
598 1563 651 1594 mu·
683 1543 769 1591 Putem
781 1545 941 1608 corrigendum
956 1546 1034 1606 μέχαν
1047 1545 1109 1608 δνον,
1128 1546 1166 1596 καὶ
1186 1545 1239 1596 ύνο-

91 1607 198 1660 totione.
208 1615 299 1658 tantum
315 1609 442 1672 legendum
461 1609 572 1666 βδύλλεθ’
584 1610 651 1672 ripae,
683 1624 724 1671 μα,
737 1616 762 1656 ut
771 1618 796 1656 et
807 1610 916 1671 grandem
936 1612 1026 1660 asinum
1035 1619 1102 1658 notet
1112 1620 1136 1658 et
1148 1611 1238 1675 Bupeli

92 1686 147 1719 nou
157 1669 299 1729 βδύλλεσθε,
310 1681 335 1722 et
344 1681 423 1722 rectus
433 1683 470 1722 est
480 1691 576 1724 sensus:
594 1677 651 1739 quid
679 1687 778 1730 nomeu,
791 1675 832 1736 qui
841 1675 914 1722 hostis
922 1673 1009 1722 dicitur
1017 1675 1184 1738 Hipponactis,
1194 1676 1238 1724 sed

92 1750 142 1786 noe
159 1737 268 1800 spernitis
289 1745 314 1785 et
334 1740 473 1787 terrefacere
490 1741 581 1803 putatis
598 1756 653 1788 noe·
684 1738 749 1785 hosti
763 1739 799 1786 illi
812 1739 922 1786 existimo
933 1739 1085 1802 llippouacta
1095 1741 1237 1803 Bupulino·

92 1807 159 1848 tram
177 1803 338 1865 paucitatem?
356 1803 400 1851 Fu.
411 1805 480 1852 Criu.
497 1803 521 1852 σί
541 1804 653 1866 βδύλλεθ’
684 1817 739 1849 men
756 1802 881 1865 indidisse,
901 1810 928 1851 ut
946 1805 1037 1851 esitium
1055 1812 1080 1852 et
1097 1804 1237 1854 dealbemur

92 1861 168 1940 ῆμᾶς.
201 1866 306 1932 Hesych.
327 1867 450 1930 βδύλλειν,
472 1868 579 1933 δεδιέναι,
600 1871 652 1933 πρέ·
684 1875 798 1930 argueret.
829 1867 907 1919 Paulo
918 1876 970 1930 post
979 1868 1019 1916 ubi
1028 1869 1101 1916 habes
1111 1867 1237 1932 παταξάτω

91 1929 267 1989 μειν.ῆβδεῖν.
301 1933 333 1980 V.
343 1933 445 1980 Suid.in
460 1933 602 1997 βδύλλεσθε,
614 1934 654 1998 qui
684 1949 729 1988 τις,
740 1932 810 1978 deleo
819 1932 848 1980 rb
858 1949 894 1982 τις
905 1941 933 1980 ut
942 1933 1040 1980 noxium
1058 1948 1237 1982 mensuraever·

5 2037 6 2040 ,
92 2009 130 2041 ex
142 1995 250 2044 hocloco
261 1998 429 2053 emendandus,
441 2000 504 2060 quod
522 2015 567 2048 nec
582 1999 654 2048 Kust.
684 2012 733 2060 sue,
744 1998 874 2059 persertim
884 2013 956 2060 quum
968 1998 1037 2045 modo
1046 1997 1134 2046 dixerit
1147 1996 1238 2047 τούτων

5 2101 6 2106 ,
93 2059 274 2125 animadvertit,
303 2077 348 2110 nec
383 2063 497 2126 Hesychii
529 2065 654 2127 interpres.
684 2059 881 2124 τιςῆδὶςῆτρύς.
916 2061 986 2118 Quod
999 2067 1079 2110 eutem
1096 2063 1129 2110 ait
1145 2063 1236 2125 παρέξον
1295 2083 1297 2090 ’

5 2145 7 2158 ι
92 2123 228 2180 βδύλλεσβ
248 2123 287 2188 [ut
301 2127 325 2174 in
344 2125 424 2188 lunt]
446 2128 470 2175 iu
488 2131 558 2176 metii
576 2131 653 2191 legem
684 2126 710 2172 iu
720 2126 804 2174 eodem
813 2143 890 2183 versu,
901 2134 960 2188 puto
970 2142 1026 2174 saue
1037 2127 1115 2175 valere
1125 2127 1188 2175 idem
1200 2136 1237 2175 at·

5 2213 7 2236 ;
94 2188 208 2238 offendit.
239 2191 302 2254 qu.
313 2195 371 2242 224.
388 2191 401 2240 δ’
419 2209 446 2239 τε
465 2191 538 2250 πένης
554 2192 654 2249 βδύλλει
685 2206 732 2254 que
748 2191 894 2254 ospraebere,
906 2192 976 2238 nteit
986 2191 1113 2248 Martialis,
1129 2200 1155 2240 et
1166 2193 1237 2240 mori-

5 2297 7 2302 .
93 2253 169 2303 λεύς.
180 2253 301 2303 Baurrcu.
312 2255 450 2312 βδύλλεσύ.
466 2257 528 2306 Scul.
539 2257 653 2314 βδύλλεθ’
687 2270 768 2316 gerum
796 2271 859 2316 esee,
887 2255 982 2304 Gallico
1008 2255 1129 2303 idiotismo
1156 2259 1238 2320 castere

92 2315 184 2380 ῆμεῖς;
209 2318 261 2368 Ms.
287 2320 409 2376 βδύλλεθ’.
431 2321 514 2369 Bsur.
540 2322 653 2380 βδύλλεθ’
686 2319 801 2368 Herodct.
811 2321 841 2368 de
858 2321 902 2368 hac
917 2321 997 2382 pusilli
1014 2321 1085 2368 animi
1095 2329 1152 2368 note
1161 2321 1236 2369 dixit:

5 2409 9 2434 ι
93 2381 180 2430 Schol.
196 2383 235 2430 ed.
253 2383 324 2432 Kust.
341 2385 452 2442 βδύλλεθ’
471 2402 565 2450 quoque
587 2388 653 2436 resti·
686 2385 848 2448 κρεῖσσονγὰρ
858 2386 977 2434 reicietur
987 2384 1026 2434 καὶ
1034 2385 1189 2446 ύμννομένονς
1198 2405 1238 2436 τε·

6 2475 8 2500 :
77 2447 216 2496 atuendum
236 2450 304 2497 Suid.
322 2450 347 2498 in
361 2466 385 2498 v.
405 2467 460 2498 cum
480 2452 506 2498 iu
526 2454 564 2500 ed.
582 2453 653 2500 Med.
685 2451 806 2508 bertricurt,
829 2451 888 2514 ἥπερ
914 2449 1063 2513 παρέχοντας
1087 2453 1238 2514 διαφθαρῆναι

93 2511 220 2568 βδύλλετε
230 2515 352 2576 praetirum
361 2515 460 2563 articulo
470 2517 569 2576 legetur.
579 2517 653 2574 βδύλ-
686 2513 803 2576 αἰσχίστῳ
816 2513 886 2577 μύρῳ.
904 2515 949 2562 Fr..
960 2515 1029 2564 Cur.
1061 2514 1157 2563 Nomen
1165 2517 1240 2564 homi·

6 2603 9 2628 τ
93 2585 157 2626 aen
176 2579 305 2627 suctus.
324 2579 349 2626 in
368 2597 392 2628 v.
414 2581 457 2642 ced
479 2579 608 2638 βούλλεσν
627 2583 654 2630 iu
685 2580 723 2626 nis
743 2589 780 2627 est
799 2580 916 2642 Bupalus.
937 2595 1006 2643 quem
1028 2580 1159 2642 Hipponax
1185 2597 1239 2644 per-

7 2675 8 2678 =
94 2643 162 2690 loco.
173 2643 253 2691 Pena.
270 2643 339 2701 βδύλ.
350 2643 410 2710 (sic)
421 2646 461 2692 aed
474 2647 513 2703 βδ.
524 2649 592 2710 praei.
603 2649 654 2696 sch.
684 2644 778 2692 strinxit
786 2645 898 2700 carmine,
905 2645 931 2694 in
942 2659 990 2707 quo
1000 2643 1023 2692 ei
1033 2645 1128 2692 verbera
1137 2643 1240 2695 minatus

6 2761 7 2764 Ἴ
93 2705 321 2758 Μο.Ττὶα.Βοοιι.
365 2755 367 2760 ,
685 2715 810 2770 estpoeta.
843 2709 880 2760 Eo
890 2709 985 2772 respicit
993 2709 1106 2758 comicus.
1131 2709 1240 2760 Breviter

131 2775 190 2822 856.
213 2774 311 2824 rocaorl
332 2775 383 2824 Ms.
402 2775 468 2834 Triu.
487 2792 511 2823 r.
532 2777 562 2824 ed
585 2791 655 2842 supra
685 2773 764 2822 Schol.
775 2781 850 2822 toturn
866 2775 945 2824 locum
962 2775 1076 2837 exponit:
1093 2773 1239 2832 εύτιςῆπεύ·
1263 2775 1272 2787 “

7 2869 9 2874 -
94 2839 157 2886 200.
170 2837 256 2886 Dour.
292 2865 294 2870 ·
684 2837 760 2895 λῆσεν
767 2838 865 2888 τύπτειν
875 2837 955 2894 αὐτὸς,
965 2837 1187 2903 καθάπερἹπτιύναξ
1194 2839 1239 2889 τδν

133 2899 325 2962 sensimus
332 2907 401 2967 χρῆν.
423 2906 462 2954 Sic
475 2903 558 2968 Regii.
573 2905 654 2968 Vulgo
684 2901 815 2953 Βούπαλον.
832 2904 916 2954 Bsao·
949 2903 1053 2951 Suid.iu
1074 2902 1195 2952 Βούπαλος
1212 2912 1240 2952 et

7 2983 10 3008 ·,
94 2963 215 3015 τύπτοντ’
225 2969 306 3032 ἐχρῆν.
316 2969 437 3019 Benaci.
447 2970 497 3018 Me.
507 2967 656 3030 recturi-7·
685 2967 764 3018 κόπτον
785 2969 844 3016 citat
862 2983 944 3017 versus
964 2968 1123 3032 Hipponactis
1149 2967 1240 3024 adsere

95 3029 151 3092 Me,
161 3035 281 3082 τύπτοντα
289 3036 358 3097 χρῆν.
370 3033 453 3084 Bunr.
471 3032 560 3083 τύπον
573 3036 655 3096 ἐχρῆν.
685 3050 731 3093 μον
748 3031 867 3093 θοὶμάτιον
877 3032 941 3096 κόψον
951 3032 1075 3082 Βουπάλου
1090 3033 1134 3082 τδν
1149 3032 1239 3096 iddua-

96 3093 154 3158 [Sic
176 3095 260 3160 Frob]
292 3098 429 3162 Legeudum
451 3097 562 3148 τύπτοντ’
583 3101 656 3162 ἐχρῆν
685 3095 738 3158 μύν.
772 3097 804 3144 V.
816 3097 928 3145 Hadrian.
939 3097 1007 3145 Junii
1025 3098 1152 3146 Animadv.
1163 3100 1179 3145 i.
1191 3099 1239 3147 rvi.

95 3175 145 3221 pro
164 3159 291 3219 ristona,
310 3171 338 3210 ut
355 3163 441 3212 referat
461 3165 492 3212 ad
513 3163 655 3212 Pbaedriam.
686 3161 769 3210 Buur.
787 3160 902 3224 δνεῖχον.
935 3161 978 3208 Fo.
989 3160 1092 3224 ἀνεῖχον.
1102 3161 1142 3210 Ιν.
1159 3161 1239 3224 φωνὴν

94 3224 139 3272 Sic
151 3225 224 3273 etiam
234 3234 325 3274 rectum
342 3243 394 3276 essa
411 3235 496 3293 postea
511 3228 610 3292 probari
626 3243 655 3275 ex
686 3223 724 3274 ἄν.
734 3225 857 3289 γδρὸιιίᾱ.
866 3227 915 3272 Ma.
926 3224 1038 3272 Posset
1048 3225 1078 3274 δν
1088 3229 1112 3274 2.
1124 3242 1173 3273 om.
1183 3227 1201 3274 i.
1212 3243 1236 3276 e.
1315 3245 1321 3256 .

96 3291 235 3352 “mileti
258 3291 347 3340 Vener.
366 3292 420 3341 edd.
448 3293 493 3342 Fu.
507 3293 575 3343 cas.
592 3310 656 3342 -πα
686 3291 793 3352 habeto.
811 3288 858 3350 γὰρ
874 3289 917 3338 οὐκ
935 3287 1009 3350 εἶχον.
1041 3289 1133 3337 Locum
1152 3291 1239 3338 exscri-

95 3357 167 3422 ΧΡῆν
176 3353 238 3402 Mssss·
248 3355 334 3405 Dm·
686 3356 740 3402 bam
751 3370 779 3402 ex
790 3354 828 3402 ed.
838 3354 907 3402 Med.
922 3352 1051 3402 Βούπαλος.
1060 3351 1117 3402 ivos.
1134 3355 1238 3417 Ἀριστο-

8 3389 11 3396 Ι
67 3415 71 3422 ’
135 3423 194 3468 858·
209 3417 275 3480 ἡμεῖς
284 3419 381 3483 χαμᾶζ’.
411 3421 657 3485 Ethuicveraui,qui
687 3417 772 3482 φάνης.
780 3417 888 3476 «tituta
897 3415 984 3467 πύςτδς
992 3417 1093 3478 γνάθους
1102 3417 1195 3472 τούτων
1204 3420 1240 3470 δὶς

9 3525 10 3534 ,
96 3482 127 3530 in
152 3484 268 3546 prioribus
287 3487 344 3536 edd.
363 3487 461 3536 mancus
483 3493 527 3542 est,
547 3503 576 3535 ex
594 3487 656 3535 Mss.
686 3484 760 3548 ῆτρὶς
776 3482 858 3547 ἔκοψεν
875 3483 952 3545 ύοπερ
968 3480 1190 3548 βοντάλον,φονῆν
1209 3484 1239 3534 δν

97 3563 175 3610 opem
185 3549 292 3632 tulimus,
301 3551 390 3599 inserte
399 3566 457 3630 rope
467 3549 564 3630 χαρρᾶξ.
575 3550 657 3600 Kust.
686 3551 729 3599 oia
739 3548 807 3612 εἶχον
816 3547 878 3612 παρὰ
888 3550 923 3610 τῷ
934 3547 1081 3598 Ἱππώνακτι.
1095 3548 1188 3632 addere
1194 3568 1240 3610 μον

98 3611 249 3674 Αᾱᾱεῆμινι
260 3613 544 3677 οούΜο.χῆμειςχαμαζ”
551 3615 655 3670 broelli.
687 3613 811 3675 θοιμάτιον.
831 3612 894 3676 udde
912 3611 1033 3670 βοννιύλον
1049 3613 1096 3663 τὸν.
1110 3614 1239 3678 οφθαλμύν.

9 3717 11 3724 ,
97 3677 188 3726 Brut.
198 3679 363 3742 χρύμεσθα,-
370 3680 426 3744 ὅπερ
432 3681 482 3728 Με.
493 3680 558 3728 Triu.¹
569 3681 655 3730 Donn.
686 3679 811 3728 Postrema
831 3679 902 3726 vertit
919 3679 1048 3741 interpres:
1068 3679 1163 3738 “Asini
1174 3680 1238 3727 enim

10 3785 12 3794 .
109 3804 111 3806 Ι
135 3747 194 3792 359.
209 3744 257 3792 Μο.
275 3745 340 3793 τοῦτ’
362 3741 479 3810 ἐμποδίζῃ.
503 3741 584 3793 Burri.
617 3746 656 3794 Sic
687 3741 911 3794 oculum,elidum.’'
949 3742 1078 3799 Porsonus,
1089 3745 1173 3800 Verte,
1184 3742 1238 3806 Bu-

96 3807 154 3856 Ms.
165 3806 230 3856 Trio.
241 3809 326 3856 Dour.
685 3810 745 3872 puli,
756 3815 781 3856 et
793 3807 848 3856 ride
863 3807 927 3856 iufra
936 3825 960 3855 v.
970 3806 1057 3857 νύττον.
1068 3809 1109 3858 ubi
1119 3808 1139 3857 εἰ
1154 3808 1240 3865 νῆΔύα

134 3875 194 3921 360.
212 3871 231 3922 ei
246 3874 274 3932 νῆ
290 3872 506 3935 Δύατδςχνύβονς.
540 3873 656 3938 [Sicedd.
686 3873 730 3922 ris
739 3872 951 3934 moirencum
968 3880 995 3920 ut
1010 3873 1035 3919 in
1050 3871 1122 3921 Βούπ.
1155 3873 1239 3920 Armo-

99 3945 160 3984 ante
174 3935 257 4000 Kust.]
290 3939 338 3987 Hic
355 3940 427 3987 etiam
447 3955 525 3987 versus
543 3939 658 3988 laborata
686 3946 723 3986 tat
743 3945 820 3986 autem
842 3937 976 3986 Porronus:
1003 3936 1088 3999 Inepte
1115 3937 1239 3999 interpres.

98 4001 199 4050 deiectu
208 4004 284 4066 pedis,
302 4010 330 4052 ut
347 4005 379 4051 sit
392 4009 527 4052 tetrameter
537 4003 657 4052 catalecti·
688 4003 770 4058 Verte,
793 4003 895 4067 Bupalo.
943 4001 1109 4063 Fragmentum
1143 4001 1238 4064 Hippo-

101 4081 156 4114 cus.
188 4065 275 4131 Itaque
286 4069 416 4116 trimetrum
435 4075 463 4116 ut
480 4069 658 4118 aliosduossu·
687 4067 821 4115 noctisest.
852 4067 942 4114 Eadem
960 4065 1050 4114 chorda
1064 4065 1183 4113 oberravit
1203 4066 1241 4112 iu·

98 4145 145 4240 δ’
165 4133 659 4247 pue..ipe..3⁶u12.effim,d.rt3..
688 4140 779 4242 tepens
794 4147 868 4243 tlt:
877 4129 1241 4258 &litallttltll

99 4210 232 4320 vibxlleigili
243 4198 301 4312 εΔύύΙ
312 4207 483 4324 ύὰύγγννύύύύύ,
502 4212 623 4310 ritednibir
630 4214 662 4308 sii
689 4212 803 4323 1dipliiduri.
810 4213 923 4322 libante
931 4260 1012 4306 oculos
1020 4260 1126 4308 haberet.
1144 4227 1241 4322 Nempe

101 4323 196 4388 syllaba
210 4329 253 4375 τοῦ
269 4327 322 4384 Δία,
339 4327 404 4391 quod
417 4335 496 4374 tumen
506 4334 531 4374 et
541 4327 624 4374 durum
636 4334 663 4373 et
690 4325 715 4372 in
727 4323 847 4374 Βούπαλος
857 4325 986 4386 legendum
996 4322 1068 4384 ὄνομα
1078 4340 1118 4388 pro
1126 4322 1178 4375 ύνος
1186 4337 1242 4375 cum

100 4387 211 4438 insoleus
222 4392 280 4439 mihi
290 4407 384 4456 semper
393 4391 518 4440 videbitur.
536 4391 581 4440 Fu.
593 4390 662 4439 Cen.
692 4389 763 4438 Kust.
781 4390 811 4436 ad
832 4388 937 4453 Hesych.
958 4405 981 4436 v.
998 4389 1069 4439 Βούπ.
1096 4389 1186 4450 Ὄνομα
1196 4405 1240 4452 pro

101 4444 176 4502 Prob.
196 4457 218 4504 εἰ
233 4456 260 4515 νὴ
271 4455 319 4506 Δία
333 4456 392 4506 eds:
410 4456 444 4504 lo.
456 4455 476 4504 el
493 4455 521 4513 νὴ
531 4456 578 4504 Δία
587 4453 618 4517 γύ
627 4473 663 4505 τις
693 4455 765 4516 ὄνομα
775 4453 861 4517 κύριον,
872 4462 900 4501 ut
909 4455 934 4500 in
945 4469 984 4502 rr.
992 4455 1094 4512 Ἰούνιος,
1109 4455 1155 4517 Ἰὼ,
1165 4451 1241 4515 obpi-

99 4519 147 4570 rte
156 4519 547 4584 γνόθονςπούτανδνῆδὶςῆτρύς
562 4522 602 4569 vel
618 4520 656 4570 aci
688 4538 743 4572 νιος.
782 4520 813 4570 Iu
832 4535 856 4568 r.
870 4513 1005 4583 Kpoitcr't.
1020 4520 1047 4570 ii.
1063 4536 1088 4585 p.
1098 4523 1154 4569 381.
1174 4535 1244 4582 prop.

173 4603 254 4654 Arist.
268 4605 329 4655 Not.
661 4602 696 4650 Il.
721 4667 722 4671 Ἰ
1139 4602 1183 4650 iz
