2914 4904
160 483 161 486 ,
231 433 270 493 26
510 431 637 490 NOTAE
657 431 701 490 lN
723 425 1069 489 Aetst*0PttANest.·
1158 424 1207 501 [V.
1222 429 1372 484 tet-ete.

234 589 382 637 eemtltt.
400 587 429 646 tr
447 585 526 654 (teir)
543 588 616 638 τῖισιν
634 591 712 640 ἐλύεῐν
733 589 783 640 ἐστ’
817 591 968 648 κατακείαται
979 583 1167 644 aereaineurata,
1178 581 1371 654 querocabstut

234 651 367 712 ἆναγκαίιιι
399 651 457 714 ἔχον
478 657 590 714 (necesse
615 655 674 718 est).
700 651 785 701 Bsao.
818 651 916 700 Manes:
932 665 987 696 nem
999 647 1133 710 Sophocles
1145 646 1370 693 Salmoneosscro·

235 713 319 778 lxovi.
329 717 396 782 ἐλᾷν,
401 719 482 766 tollere
492 716 577 764 Reisls.
591 715 671 766 Diuo.
679 718 714 764 Ex
722 718 785 764 Rae.
818 724 857 764 cat
866 713 973 776 χάλκεον
982 711 1044 760 illud
1061 710 1136 774 κόραι
1154 723 1234 756 νοτιτιις
1244 725 1272 756 ex
1283 707 1327 754 illa
1336 707 1371 754 ia-

235 795 329 842 quoque
344 781 399 828 lnv.
417 781 492 835 dedit,
512 799 550 829 τοι
568 782 591 842 μ’
611 779 715 830 ἔστ’,ύκ
755 781 789 828 Et
803 803 804 808 =
818 779 874 826 bula
890 779 1023 826 luculentos
1041 778 1115 823 habes
1130 789 1170 836 ap.
1180 774 1268 820 Athen.
1284 771 1325 818 lib.
1337 771 1371 818 xi.

236 859 293 891 sane
314 861 339 891 τι
354 861 402 892 uon
423 846 463 892 hic
478 853 544 892 recte
561 847 665 907 ponitur.
686 845 788 900 ¹Quidni
820 842 940 904 [Bruucis.
951 842 1047 904 Fragm.
1063 839 1221 902 Sopralm.
1233 835 1373 897 1.p.tee.]

232 907 305 970 igitur
322 908 357 956 sic
372 916 499 956 struamus:
520 907 586 957 ἀλλά
601 927 638 958 τοι
653 908 692 970 καὶ
702 911 731 957 τύ
741 910 788 970 άρι·
820 908 876 958 ύααιι
887 907 927 968 qui
937 906 1034 954 lusitare
1045 903 1166 956 volebam»
1183 900 1289 963 1111131331
1300 901 1373 946 bube-

232 971 316 1035 crepbr
338 971 428 1036 ῥύπτειν
444 991 474 1033 με
498 971 584 1022 σκέλος
612 973 649 1022 ιἰν.
669 973 729 1034 ἔχει.
748 974 788 1020 Ιο.
820 966 1374 1033 bantmeriplenarnetlougiusstanteseerta-

234 1035 266 1082 In
287 1036 391 1098 margine
408 1036 447 1082 ed.
468 1041 539 1086 1332.
561 1037 685 1100 συβαρύσαι
697 1036 789 1086 videtur
821 1036 886 1090 bant,
898 1033 962 1095 quod
972 1033 1023 1080 vini
1037 1047 1066 1079 ex
1077 1041 1150 1093 epota
1159 1029 1241 1092 phiala
1257 1027 1376 1100 restabat,
1439 1075 1445 1090 ,

238 1099 387 1147 Suidasinv.
398 1099 491 1161 legisse.
509 1099 588 1148 Pons.
820 1098 846 1145 in
862 1100 960 1145 lancem
973 1097 1077 1152 mittere,
1096 1102 1124 1141 ut
1138 1094 1232 1155 repieta
1250 1106 1279 1138 ea
1295 1105 1375 1153 gravis

270 1167 326 1211 335.
342 1161 445 1224 πέπορδα
453 1163 588 1211 translative
602 1165 632 1211 ab
648 1165 729 1220 asinis.
749 1165 791 1228 qui
822 1163 1070 1222 heretinclinaretque
1081 1166 1106 1206 et
1119 1167 1192 1219 caput
1207 1157 1317 1204 allideret
1326 1163 1376 1202 sta·

235 1226 366 1274 laetabundi
378 1226 465 1288 pedere
483 1227 569 1274 solent.
601 1227 681 1275 Etiam
690 1229 716 1276 in
731 1244 788 1276 oon-
821 1233 869 1288 tute
878 1227 944 1274 illius
959 1225 1003 1272 sub
1013 1239 1073 1287 eque
1088 1222 1184 1269 latentis
1198 1221 1279 1283 sicqse
1291 1233 1376 1266 sonum

236 1293 336 1336 temtum
345 1291 392 1336 hoc
399 1289 480 1353 fiebat,
499 1291 559 1338 utin
570 1291 636 1338 Plut.
647 1295 704 1342 618.
718 1311 789 1342 κατα·
822 1289 953 1345 ederet;·ita
964 1296 998 1343 ut,
1006 1289 1049 1350 qui
1054 1285 1157 1334 feliciter
1165 1285 1216 1334 sine
1223 1299 1279 1332 casu
1284 1283 1378 1347 jaceret

236 1353 484 1466 suesceret·
505 1355 791 1483 tretilius
822 1347 1378 1479 eutiturtutuerstttztt

239 1497 262 1528 κ.
273 1499 297 1528 τ.
308 1489 334 1530 λ.
346 1481 480 1545 metaphora
496 1483 625 1531 clusinis:
641 1485 667 1532 ti
678 1487 741 1533 enim
749 1439 789 1533 ii·
824 1455 953 1530 reclainari.
984 1479 1026 1528 Ad
1036 1479 1104 1542 cujus
1113 1475 1293 1525 consuetudinis
1302 1475 1377 1522 retio-

219 1545 337 1600 ,iubendi
352 1548 450 1608 peduat.
469 1545 580 1594 Comicus
594 1547 621 1594 in
634 1547 654 1596 V
655 1563 708 1610 esp.
719 1553 791 1598 1396.
823 1561 881 1594 nem
889 1544 1032 1592 Theocritus
1047 1542 1109 1590 dixit
1122 1539 1293 1602 τὺτηλέφιλον
1303 1539 1376 1586 ἐκλα-

239 1607 357 1665 ἐνήλλει),
373 1607 477 1670 ἐσκίρτα.
489 1609 604 1674 τετύρδει·
615 1611 736 1672 κατεγέλα
746 1614 791 1662 tir-
824 1609 931 1669 τύγησεν
939 1607 990 1670 [ld.
1000 1608 1036 1656 iii.
1044 1607 1109 1670 33].
1120 1605 1165 1652 Eet
1174 1613 1254 1652 eutem
1261 1603 1329 1650 lusus
1337 1602 1379 1648 ille

238 1689 282 1736 step
302 1671 410 1734 καχρύων
435 1672 518 1722 ὄνύδιον
543 1674 699 1736 εὐωχημένον.
720 1679 793 1740 Berg.
824 1673 1105 1722 cottaborumiaventum
1118 1669 1381 1730 Siculmusteseimr

238 1735 321 1784 Dino.
343 1735 478 1800 ιτεπύρύακα
493 1738 547 1786 οοά.
571 1739 631 1786 Rae.
646 1739 725 1787 Affert
742 1743 793 1790 hec
826 1737 914 1786 Critias
934 1737 960 1784 in
981 1735 1076 1798 Elegia:
1094 1731 1211 1788 κύτταβος
1232 1733 1259 1780 ἐκ
1277 1731 1380 1787 Σικελῆς

238 1799 325 1848 Suidas
335 1818 358 1848 v.
368 1801 473 1866 τύτορδα
482 1811 500 1850 t.
508 1803 541 1850 lii.
551 1819 577 1866 p.
586 1809 628 1853 te.
635 1799 675 1853 1ο.
827 1801 879 1850 emt
897 1800 982 1864 χθύνος
999 1796 1112 1862 ἐκαρετές
1123 1797 1202 1861 ἔργον,
1224 1803 1250 1842 et
1271 1793 1379 1842 Dicaear-

273 1869 330 1913 336.
344 1865 374 1913 τὸ
383 1867 458 1928 γῆρας
469 1865 543 1916 ἐκδύς.
553 1867 596 1914 Ἐκ
606 1869 659 1916 haee
672 1870 794 1918 translatio
825 1863 1040 1925 obusMessenius,
1050 1863 1089 1910 vei
1099 1865 1180 1925 potios
1190 1875 1246 1908 cum
1262 1857 1382 1932 Atheneo

239 1934 278 1974 est
294 1944 310 1976 a
328 1931 488 1994 serpentibus,
514 1932 557 1994 qui
580 1931 673 1980 senium
694 1944 794 1996 ponunt.
826 1930 949 1987 Milesius·
957 1929 1096 1978 Aristotelis
1105 1926 1244 1988 discipulus,
1260 1923 1303 1986 qui
1312 1923 1381 1970 Sicu-

240 1991 344 2040 Videtur
359 2001 437 2042 autem
452 1995 545 2044 senium
562 2011 605 2059 pro
616 1997 681 2044 bello
698 1997 794 2056 dixisse,
827 1993 969 2049 lem-votem
987 1993 1108 2040 existimat
1121 2005 1194 2038 aereas
1209 1989 1263 2036 illas
1278 1987 1382 2048 phialas,

242 2055 297 2118 quia
312 2057 374 2104 nihil
390 2074 457 2122 aeque
471 2061 536 2122 pacis
552 2067 658 2108 amantes
670 2063 795 2110 contristat
827 2073 881 2122 quse
910 2056 1013 2118 λατάγαι
1042 2057 1083 2104 vel
1108 2054 1213 2114 λάταγες
1233 2051 1384 2100 dicebantur·

241 2127 268 2166 et
284 2135 428 2170 marcescere
446 2123 504 2171 lacit
519 2131 589 2185 etque
602 2125 708 2184 bellu1u;
731 2129 794 2174 unde
828 2120 1186 2184 QuanquaminitaScboliaates
1196 2113 1383 2175 άὶαοιλατύνγςιν

243 2191 329 2246 postea
338 2186 381 2240 ait,
398 2183 491 2234 ἁπαλόν
499 2188 523 2248 γ’
538 2186 567 2234 tir
577 2189 601 2248 μ’
612 2188 669 2238 ἴδοις
679 2189 718 2237 κα1
733 2190 796 2240 πολὺ
827 2203 889 2243 esse,
901 2189 964 2250 quod
976 2202 1003 2234 ex
1015 2185 1103 2248 poculo
1117 2189 1189 2247 epoto
1203 2181 1324 2242 reliquum
1341 2180 1384 2226 tis·

241 2247 362 2310 νεύτερον.
383 2249 500 2312 Loquitur
517 2252 581 2298 enim
597 2253 684 2300 chorus
703 2269 795 2302 senum.
829 2253 953 2314 bat(male
970 2267 1009 2313 ap.
1019 2249 1117 2296 Suidam
1134 2249 1200 2306 λῆμα
1214 2243 1336 2306 *mestit
1347 2244 1382 2291 ¹⁰·

242 2309 278 2356 At
288 2327 343 2358 cum
353 2311 387 2358 ait
395 2313 503 2375 ἐκφυγὼν
511 2314 556 2372 τὴν
566 2315 660 2373 doside,
671 2317 797 2380 dupliciter
828 2317 934 2378 gendum
944 2315 1008 2362 enim
1014 2315 1109 2374 λεῖμμα.
1121 2309 1186 2375 quod
1196 2307 1384 2370 eiiiiiiv‘mi

244 2374 330 2422 alludit
348 2375 374 2424 ‘m
391 2379 543 2442 homonymia
560 2380 656 2428 ἀσπίδος
666 2389 691 2428 et
701 2382 732 2429 ad
748 2398 795 2430 ser·
828 2381 857 2428 rh
875 2379 1021 2440 λειπόμενον,
1044 2385 1072 2426 ut
1085 2378 1120 2424 ait
1139 2372 1258 2438 Hesyoh.)
1272 2373 1384 2434 quodque

182 2465 184 2476 ι
243 2446 343 2500 pentem
357 2447 382 2486 et
398 2441 428 2488 ad
446 2443 565 2506 elypeum.
585 2445 630 2491 Fn.
644 2444 712 2492 Cen.
739 2447 797 2495 vid.
828 2451 1047 2492 recurvatasureum
1057 2437 1385 2504 manujaciebantlueoresiu

243 2501 326 2550 schot.
336 2503 362 2551 in
370 2503 434 2552 Bon.
444 2509 501 2555 tte.
519 2507 603 2557 Bane.
831 2509 966 2556 Cottabum.
993 2507 1041 2555 Cui
1051 2505 1176 2554 sententie
1188 2500 1383 2549 subscribit-Cra-

251 2575 253 2586 '
277 2571 334 2616 337.
350 2568 403 2616 Ins.
413 2569 452 2618 edi
468 2571 545 2618 voluit
561 2579 587 2618 et
605 2573 668 2622 Rau.
686 2573 743 2633 μήτι
758 2575 797 2622 eal
830 2572 930 2619 tiuusin
940 2571 1040 2618 Nemesi
1057 2570 1160 2634 [Athen.
1178 2581 1217 2613 xv.
1235 2581 1259 2626 p.
1276 2569 1335 2612 666.
1348 2563 1386 2610 ιΙ).

243 2629 293 2678 νυνύ
302 2647 333 2691 γε
343 2649 371 2693 χ.
383 2634 426 2680 sed
434 2634 556 2697 vulgatum
571 2636 597 2682 in
606 2637 680 2684 textis
689 2639 798 2686 relictum
830 2636 946 2699 Cesaub.]
966 2635 1008 2698 qui
1024 2635 1066 2690 ait,
1090 2632 1219 2681 Cottabum
1236 2629 1386 2690 appellatum

165 2737 172 2746 ,
243 2702 291 2742 est.
324 2697 370 2744 Sed
381 2697 420 2746 aui
429 2697 508 2762 friget,
520 2709 545 2746 et
556 2701 691 2755 omnishsec
702 2703 796 2750 lectioe
829 2715 878 2751 oon
893 2701 971 2748 solum
986 2699 1110 2762 praemium
1127 2693 1212 2744 victori
1227 2693 1386 2754 propositum,

244 2773 269 2805 v.
279 2763 335 2808 336.
345 2762 448 2824 repetita
454 2765 517 2810 male
528 2763 719 2821 vitietur-Dran.
830 2766 873 2812 sed
891 2771 963 2812 etiam
974 2778 1016 2810 ras
1029 2763 1120 2824 ipsum.
1136 2761 1162 2806 in
1178 2758 1242 2820 quod
1256 2756 1387 2804 mittebant

277 2827 335 2873 336.
352 2826 412 2873 Post
422 2827 526 2876 εἵσθοσιν
532 2829 674 2876 trochaicam
690 2829 798 2892 sequitur
830 2828 929 2891 latagee.
949 2828 1002 2874 Imo
1013 2834 1038 2874 et
1049 2824 1176 2888 Euripides
1185 2821 1312 2869 ‘Plistheae
1323 2828 1386 2868 teste

247 2883 336 2936 ἔκθεσις
355 2897 445 2951 septem
456 2907 566 2938 versuum
584 2893 731 2940 dimetrorum
749 2901 797 2941 tro-
830 2893 958 2954 Atheneo,
969 2891 1089 2940 cottabum
1100 2899 1125 2936 et
1131 2886 1230 2945 λάταγα
1243 2885 1309 2932 idem
1320 2884 1388 2939 facit,

244 2951 381 2998 choicorum
398 2955 613 3002 acatalecticorum.
645 2957 675 3002 In
693 2957 798 3006 secundo
826 2957 956 3018 lusumque
969 2955 1101 3002 Atticorum
1110 2969 1142 3000 ex
1151 2951 1289 3000 inventione
1305 2949 1387 2996 Sicula

242 3014 301 3076 ⁴lego
317 3015 473 3081 ἤδηέξύσται,
491 3020 594 3078 nontin
605 3021 632 3068 δ’.
666 3020 799 3070 Erultimo
831 3021 919 3068 scribit.
952 3020 1116 3066 AEreumvero
1131 3033 1172 3064 vas
1185 3012 1388 3062 illudsuissetes·

243 3079 466 3128 sersuduosfacio.
498 3082 560 3130 Nam
571 3081 702 3146 συβαρίζειν
716 3086 798 3132 existi-
832 3093 894 3132 tatur
905 3084 1007 3145 Eupolis
1018 3083 1113 3144 Raptis,
1146 3079 1261 3127 Meminit
1275 3083 1301 3124 et
1315 3077 1387 3124 Plato

245 3155 286 3215 mo
303 3157 357 3191 esse
375 3143 557 3208 ααρατέλςοτον,
576 3163 678 3211 sequens
694 3147 738 3210 loir,
758 3149 799 3204 ιὀύ,
832 3147 959 3210 (Comicus
970 3147 1038 3210 puta)
1049 3142 1229 3194 inlebulaAtbs
1242 3139 1389 3200 κακουμένου

245 3207 374 3256 iambicum
382 3209 543 3274 ἐφθηιιιμερές.
583 3211 693 3259 Itaenim
708 3213 801 3261 videtur
832 3213 908 3274 (male
928 3213 992 3274 apud
1017 3214 1079 3258 bunc
1105 3210 1187 3256 Schol.
1218 3204 1388 3268 haiemim)-

245 3268 374 3333 digessisse
382 3274 436 3337 lpse
444 3274 596 3323 Scirolisstes.
607 3276 652 3322 Fa.
662 3276 730 3323 Cen.
753 3277 800 3326 Hic
834 3277 908 3324 Porro
927 3277 1062 3324 missionem
1081 3273 1168 3322 cottabi
1189 3269 1297 3331 ἀγκύλην
1317 3285 1388 3316 voca·

247 3341 274 3380 et
284 3351 387 3398 sequens
398 3339 537 3394 versiculus,
555 3347 583 3388 ut
593 3355 635 3388 eos
649 3341 756 3402 exhibui,
768 3343 801 3388 ita
833 3341 899 3401 bant,
917 3341 973 3402 quia
993 3340 1102 3387 dumam
1119 3353 1211 3384 manum
1233 3334 1387 3390 anculabant,

246 3398 334 3461 digesti
343 3413 369 3449 et
379 3403 462 3465 scripti
473 3411 528 3450 sunt
537 3404 562 3450 in
575 3405 604 3453 B.
625 3405 706 3466 Vulgo
716 3406 800 3464 partic.
831 3405 849 3452 i.
859 3421 880 3452 e.
892 3405 1022 3452 curvabunt
1038 3405 1063 3450 iu
1075 3401 1189 3448 mittendo
1201 3415 1209 3458 ;
1228 3399 1282 3446 hinc
1299 3395 1387 3448 κύττα-

243 3460 393 3525 γὰροαιίεεα.
402 3467 521 3514 Bauscs.
549 3468 800 3530 FLChAffiqet-im
832 3467 1020 3528 βοιαγκύλιγτοὶ
1035 3467 1109 3529 (susle
1120 3463 1290 3526 Aristophanis
1301 3463 1388 3525 glossa

244 3525 274 3583 νὴ
280 3527 316 3574 Δί’
324 3530 356 3588 ἐξ·
366 3529 452 3576 Βκςιτ.
832 3532 996 3594 ἂγκυληγοὺς)
1007 3531 1065 3580 dicti
1075 3546 1090 3577 a
1099 3529 1173 3592 ligura
1183 3543 1254 3575 manu
1261 3527 1387 3574 mittentis.

280 3594 337 3638 341.
353 3591 379 3638 N
380 3607 411 3638 on
422 3593 506 3640 dubito
516 3595 574 3656 quin
584 3594 613 3642 rh
623 3597 695 3645 κινεῖν
706 3597 798 3645 verbum
832 3597 958 3646 Praemium
965 3604 1056 3650 autem,
1074 3595 1137 3656 qood
1148 3590 1277 3656 κοττάβιον
1286 3593 1388 3638 vocaba-

247 3653 279 3699 sit
296 3654 419 3718 nequitie,
438 3659 569 3705 secundum
585 3675 682 3708 versum
700 3661 799 3726 Lysistr.
831 3667 877 3716 tur.
896 3669 956 3717 erat,
974 3667 1080 3722 utputo,
1097 3659 1208 3720 placenta
1227 3656 1347 3718 τοραροῦς
1363 3661 1388 3701 ei

245 3721 305 3790 333.
320 3719 397 3769 κακΐις
412 3724 501 3783 παρέξοι
520 3722 590 3784 κούχὶ
607 3724 798 3790 προσκινήσομαι,
832 3723 995 3786 σηοαμοειδής.
1029 3723 1093 3770 Ναιιι
1110 3729 1135 3768 et
1151 3720 1294 3768 Aristoteles
1314 3720 1359 3766 111).
1370 3720 1387 3766 i.

243 3785 798 3850 a.e.neoadmoreboretmaiigneilluddabo.
832 3789 933 3838 Rhetor.
952 3785 1065 3844 κοττάβια
1085 3787 1157 3834 missa
1184 3784 1275 3832 Geloni
1302 3783 1339 3830 ait
1358 3784 1388 3830 ab

245 3843 289 3892 FL·
308 3846 376 3897 Can.
409 3850 444 3898 vt
460 3850 521 3898 infra
540 3856 612 3900 1164.
626 3854 671 3910 τὴν
689 3856 799 3917 Θρᾷτταν
832 3853 995 3909 AEnesidemo,
1006 3848 1387 3915 quasplacentaeiuiesearbitra·

245 3913 322 3958 κινῶν.
343 3911 473 3976 Conjungit
483 3917 553 3963 κινεῖν
563 3923 588 3964 et
595 3917 711 3965 καθεύδειν
728 3920 797 3966 etiam
825 3925 877 3973 sur,
888 3919 918 3966 ad
929 3919 1025 3964 sormam
1037 3915 1140 3963 lancium
1145 3914 1244 3960 'illarum
1249 3913 1289 3958 vel
1299 3910 1386 3959 κοττά-

245 3973 307 4023 inira
321 3975 379 4026 837.
396 3974 481 4025 Bisao.
832 3982 975 4044 ituriactas,
994 3979 1084 4028 Coelius
1094 3977 1258 4038 Rhodiginus:
1277 3976 1388 4038 quamvis

278 4044 334 4088 343.
351 4041 467 4090 Cottebue
484 4043 550 4090 lusus
568 4044 661 4091 eratin
683 4046 800 4094 conviviis
832 4048 912 4108 potior
925 4053 963 4093 est
973 4045 1089 4092 sententia
1105 4057 1193 4098 eorum,
1210 4040 1250 4102 qui
1269 4037 1389 4094 κοττάβια

210 4098 215 4114 ’
239 4095 359 4170 stequens
368 4106 433 4168 apud
442 4105 611 4156 Athenienses.
651 4109 800 4172 loquantum
832 4111 943 4172 oppidum
955 4109 1045 4158 iaciunt
1055 4106 1120 4170 apud
1131 4105 1233 4154 Aristot.
1256 4105 1320 4151 Sane
1333 4103 1388 4152 κύτ-

240 4181 282 4216 ex'
297 4168 511 4218 Grammaticorum
531 4173 621 4235 glossis.
636 4173 719 4227 didici,
736 4174 798 4237 ejus·
831 4179 902 4230 ταβοι
911 4174 1005 4238 proprie
1015 4179 1143 4227 eetsonus,
1158 4171 1199 4232 qui
1210 4185 1237 4219 es
1248 4168 1349 4216 residuo
1365 4168 1389 4214 in

245 4231 314 4280 modi
324 4232 373 4279 lere
382 4241 440 4282 erat.
473 4235 531 4282 Fixa
542 4247 593 4284 erat
602 4237 628 4283 in
639 4243 723 4284 terram
732 4241 799 4301 virge
833 4240 912 4299 phiala
926 4241 982 4287 vino
1001 4237 1107 4284 redditur
1118 4243 1143 4282 et
1156 4248 1206 4296 quo
1221 4233 1389 4294 pavimentum

244 4295 350 4356 grandis,
363 4297 437 4346 altera
446 4315 516 4362 super
526 4316 579 4348 eam
595 4307 797 4364 ususversapen-
830 4303 970 4354 elidebatur.
1002 4300 1065 4348 Nam
1077 4298 1102 4346 id
1118 4300 1189 4346 etiem
1205 4296 1279 4350 luisse
1296 4295 1390 4348 Roma·

244 4359 325 4416 debat,
335 4359 428 4408 mobilis
438 4363 556 4427 utrimque
566 4373 678 4428 tanquam
689 4365 714 4412 in
725 4373 796 4414 state·
830 4367 875 4422 nis,
895 4383 942 4416 non
961 4367 1026 4414 solus
1045 4363 1160 4416 Horatius
1177 4367 1286 4416 testatur,
1294 4360 1345 4422 qui
1357 4359 1391 4405 ait

243 4437 277 4479 m,
289 4423 395 4486 duasque
410 4425 513 4475 habebat
530 4429 610 4478 lauces
627 4429 754 4492 pendulas,
772 4438 797 4478 et
830 4438 908 4478 ‘mero
917 4433 1009 4494 tinguet
1014 4429 1178 4492 pavimentum
1184 4421 1305 4487 superbo,'
1315 4423 1358 4470 sed
1367 4431 1390 4469 et

244 4489 287 4536 sub
295 4487 356 4560 ipsis
366 4488 426 4538 duos
437 4493 538 4540 crateras
549 4508 616 4556 aque
628 4494 727 4556 plenos3
750 4496 795 4564 sub
829 4495 922 4548 Plinius
931 4497 973 4545 lib.
990 4499 1027 4544 14.
1041 4493 1081 4542 ubi
1092 4491 1125 4540 ait
1142 4491 1172 4540 de
1190 4489 1230 4544 iis,
1244 4489 1286 4551 qui
1298 4485 1390 4548 ἄμυστ1
