2904 4908
209 367 269 432 426
510 367 633 427 NOTAE
655 367 698 430 ΙΝ
721 363 1054 436 ARISTOPHANEM.
1100 363 1150 440 [V.
1171 371 1362 433 1192-1917.

212 542 309 592 qnoque
320 527 402 574 bsrnm
412 525 562 590 stropharum
575 527 638 574 niele
655 525 765 590 digerun-
799 525 899 574 Tireocr.
910 522 982 586 ἄνδρα
991 521 1156 584 φυτοσκάρου.
1169 521 1298 572 Fr..Cn1r.

214 591 415 654 turiurulgulis;
432 593 471 638 sed
490 588 606 654 ejusmodi
623 589 681 638 vitia
695 590 767 637 corri-
835 593 906 636 1211.
922 587 1111 650 τοὺςκαρύκαυς.
1134 586 1239 648 κάρυκος
1255 587 1296 633 vel
1319 603 1363 634 κυι-

216 671 272 722 gere
292 657 389 718 longum
407 663 452 702 est.
470 653 564 700 Horra.
590 655 655 717 Lege
675 655 724 702 ἕατ’
743 661 769 700 ct
801 649 878 715 ρύκιον
899 654 1006 700 calathus
1028 660 1066 699 est
1087 652 1198 714 plectilis,
1221 665 1270 712 quo
1293 652 1366 712 panis

217 725 290 770 1192.
299 721 357 769 πᾶσι
368 723 476 768 elisue.
486 714 590 766 rrdi'iir’.
601 717 685 765 Banu.
802 716 921 772 conditur,
943 727 971 763 ut
997 718 1053 763 inde
1080 717 1207 762 vernacule
1230 715 1364 762 dixerimus

251 788 323 834 1192.
348 784 395 831 Hic
414 791 440 830 et
458 797 560 845 sequens
581 783 714 830 versiculus
734 781 769 830 sic
801 781 892 842 ponier.
916 779 988 828 σάκος
1006 789 1084 827 auitam
1104 780 1143 826 vel
1165 778 1256 828 σάκκος
1277 780 1364 826 similis

218 846 502 909 meliusdistinguentur:
520 847 579 894 πᾶσι
596 845 708 908 παρέχειν
726 844 769 905 ρέ-
802 844 851 892 fere
863 843 963 906 θυλάκῳ.
974 844 1018 891 Fe.
1027 843 1097 892 Can.
1121 843 1190 890 Suid.
1209 844 1236 890 in
1255 841 1362 892 criaovr:

217 930 266 974 ρειν
279 910 284 977 Ι
297 915 347 961 τοῖς
372 912 461 966 παισ1ν,
488 909 578 958 ὑπάταν
603 929 631 958 τε
657 907 770 972 θυγάτηρ.
804 909 857 970 lege
868 907 978 958 σάκκους.
991 909 1075 974 Bene:

217 977 332 1024 Priorest
349 975 451 1023 dimeter
469 975 608 1037 paeonicus3
624 974 770 1022 alterdime-
838 978 910 1022 1212.
928 975 941 1020 ὑ
956 974 1045 1029 Μανῆς.
1078 971 1167 1020 Manes
1184 987 1227 1032 pro
1245 987 1325 1034 servo,
1338 981 1365 1020 ut

217 1048 253 1087 ter
265 1039 387 1088 iambicus.
396 1039 518 1086 Brunca.
804 1038 878 1084 habes
887 1039 912 1084 in
923 1038 980 1085 ludo
991 1036 1148 1089 cotlabomm,
1170 1038 1201 1082 de
1216 1036 1307 1096 quibus
1321 1053 1372 1083 nos

193 1157 199 1168 ἱ
253 1107 326 1152 1194.
342 1102 431 1152 θτύταυ
441 1103 569 1166 κανηφορῇ.
600 1101 772 1163 Soloecevulgo
805 1101 899 1150 abunde
923 1102 949 1148 in
970 1102 1051 1149 Irena.
1083 1099 1119 1146 At
1137 1099 1296 1155 εὐλαβεῖσθαι
1318 1103 1364 1159 τὴν

220 1170 355 1230 κανηφορεῖ.
381 1167 500 1216 Bnuncu.
527 1168 657 1230 κανηφορῇ.
697 1167 773 1229 Supra
806 1165 863 1214 κύνα
881 1167 970 1214 dictum
989 1182 1017 1214 ex
1038 1163 1173 1228 proverbio,
1196 1180 1364 1214 concederem.

220 1233 374 1282 bladino.
806 1229 851 1278 Fr..
873 1230 942 1278 Cnn.
972 1230 1056 1278 Scribe
1078 1227 1154 1287 οιῖμὺς
1178 1228 1268 1278 αὑτοῖς.
1302 1229 1364 1276 Her-

255 1301 326 1346 1199.
341 1295 397 1344 τούς
406 1293 492 1358 ῥύπους
505 1293 648 1344 θυασπάσαι.
681 1295 773 1342 Melius
805 1309 869 1342 man.
886 1295 916 1342 de
935 1295 1013 1342 metris
1037 1310 1061 1356 p.
1082 1298 1146 1342 111..
1159 1292 1268 1354 [Eodem
1292 1295 1365 1341 modo

221 1359 311 1408 Venet.
323 1360 362 1408 ed.
375 1358 461 1408 τύτυυς
469 1357 610 1414 ἀνασπάσαι,
623 1361 645 1406 id
657 1367 693 1406 est
702 1361 773 1420 signa
807 1359 890 1422 Bent.]
925 1359 1062 1420 Legendum
1074 1359 1086 1405 ὑ
1097 1359 1181 1414 Μανῆς
1192 1357 1212 1404 δ’
1229 1356 1303 1406 αὑτὺς
1320 1359 1366 1406 ’σύ-

220 1425 331 1474 reveiiere
350 1429 374 1474 et
392 1425 526 1472 dissolvere.
559 1423 603 1470 Fr.
623 1423 691 1470 Crm.
717 1422 774 1474 τοὺς
806 1421 848 1483 μὺς
865 1425 973 1484 ἐμβαλεῖ,
991 1425 1042 1485 ipse
1064 1439 1128 1469 meus
1148 1437 1235 1468 sersus
1254 1423 1367 1470 infundet

221 1487 308 1550 ῥύπους
319 1486 462 1536 ἀνασπάσαι.
494 1488 535 1536 Sic
547 1488 638 1534 habent
653 1486 709 1534 edd.
726 1487 774 1534 Pa·
807 1489 890 1535 saccis.
923 1489 961 1536 Ite
972 1488 1060 1548 saepius
1072 1495 1175 1533 erratur:
1205 1503 1230 1533 v.
1249 1487 1282 1533 ad
1302 1487 1369 1535 Rau.

220 1553 262 1600 ris.
273 1560 298 1600 et
309 1551 402 1600 Genev.
428 1551 463 1598 Ar
472 1550 512 1598 ed.
524 1552 611 1599 Vener.
620 1551 676 1600 τοὺς
686 1549 774 1602 τύπους
807 1555 943 1614 326.eeqq.
970 1551 1097 1613 Vulgarum
1116 1551 1195 1598 αιίτοῖς
1215 1566 1314 1598 versum
1326 1551 1367 1614 ju-

221 1613 364 1669 ἀνασπάσαι,
383 1630 454 1679 quarn
472 1616 602 1663 lectionem
619 1615 654 1662 Fl.
666 1614 723 1663 Chr.
740 1617 774 1664 al·
808 1617 881 1678 gerlai.
907 1615 1180 1678 T1·anspoeitione.quae
1198 1615 1261 1662 ratio
1278 1625 1317 1663 est
1333 1617 1367 1666 G.

222 1681 381 1744 toripraesert.
412 1679 517 1742 Sedquo
529 1679 607 1726 minue
621 1681 645 1726 ei
661 1681 775 1728 assentia-
808 1681 947 1736 Hermanni,
957 1681 983 1727 iu
994 1678 1123 1743 hujusmodi
1135 1678 1233 1742 quidem
1255 1681 1317 1728 locis
1328 1697 1369 1728 cur

223 1759 284 1799 mur,
295 1743 448 1792 intercedunt
463 1753 553 1792 vererer
570 1745 724 1807 grammatici,
735 1745 776 1806 qui
808 1745 885 1791 minus
907 1745 1021 1792 utendum
1044 1746 1149 1802 arbitrer,
1171 1744 1308 1804 significavi
1335 1748 1367 1792 ad

224 1823 253 1856 ex
266 1809 312 1856 boc
328 1809 382 1856 loco
401 1806 525 1871 Aristoph.
542 1817 634 1863 notaui,
656 1806 728 1870 ῥύπου
745 1810 775 1856 ab
808 1813 864 1856 281.
877 1809 970 1857 Horra.
991 1806 1072 1866 θύμὺς
1082 1808 1162 1856 αυτοῖς
1173 1807 1254 1856 Pons,

224 1871 313 1919 Atticis
323 1872 415 1920 dictum
427 1872 502 1918 inisse
512 1871 554 1920 τὺν
570 1872 641 1935 κηρὸν
658 1873 724 1936 [τὸν]
743 1872 776 1922 εἷς
841 1877 913 1922 1215.
931 1874 1081 1928 εὐλαβεῖσθαι
1093 1873 1138 1930 τὴν
1146 1871 1214 1920 κύνα.
1233 1871 1274 1920 Cf.
1285 1873 1370 1921 Plauti

224 1935 254 1984 rb
264 1936 478 1996 κατασημαΙνεσθαι
489 1935 626 1994 ἐπιτήδειον,
637 1937 655 1984 1.
667 1953 689 1984 e.
699 1953 777 1986 cerum
807 1937 948 2000 inlerpretes
958 1939 988 1984 ud
998 1939 1072 1984 Most.
1081 1937 1115 1984 iii.
1126 1943 1150 1986 2.
1163 1940 1220 1984 162.
1232 1937 1357 1986 Breuncx.
1447 1949 1448 1956 ’

224 2001 401 2063 sigillam-mm,
422 2001 473 2047 sive
493 2002 612 2062 signnm
628 2007 715 2063 opiam.
743 2001 775 2051 V.
842 2006 915 2050 1216.
934 2003 997 2064 Lege
1015 2002 1054 2048 vel
1073 2005 1222 2064 παραχωρεῖν
1240 2001 1269 2048 οὐ
1291 2003 1370 2052 θέλεις

225 2065 322 2126 cumino
333 2065 426 2113 Pollue.
438 2065 489 2113 libr.
509 2083 532 2113 rr.
552 2075 611 2112 secl.
628 2070 669 2113 59.
685 2073 711 2112 et
726 2065 776 2114 He·
811 2064 857 2126 [ita
873 2067 937 2114 Scal.
956 2073 981 2113 ct
998 2066 1126 2129 Tyrrvlritt.
1137 2067 1162 2112 in
1174 2074 1225 2112 nor.
1239 2065 1317 2130 Mssa]
1330 2070 1368 2114 rel

226 2130 296 2178 seb.
318 2145 342 2176 v.
364 2128 443 2192 ῥύπος.
469 2128 551 2176 Kusr.
576 2129 612 2176 At
631 2129 669 2176 ed.
691 2131 778 2178 Vener.
810 2128 926 2192 θύρανσύ·
945 2129 1250 2190 ΘΕ.παμαχαρ-.Βευπ.
1274 2130 1370 2179 Unicus
1447 2149 1448 2156 ¹

247 2208 280 2241 ar.
300 2191 395 2249 τύπους,
417 2192 442 2240 id
461 2201 499 2240 est
518 2195 600 2256 signu,
621 2194 778 2254 quodetiam
810 2201 848 2240 est
857 2195 883 2241 in
894 2203 944 2242 tola
955 2197 998 2242 lrac
1008 2195 1088 2242 iabuls
1101 2195 1179 2255 locus,
1191 2194 1234 2256 qui
1254 2195 1315 2241 mihi
1326 2197 1369 2242 ad-
1447 2181 1448 2200 Ι

226 2259 390 2321 usurpaturin
401 2259 488 2305 haere.
514 2257 596 2319 Ευιίρ.
607 2258 708 2320 Hippoi.
720 2263 777 2308 862.
811 2259 856 2304 lruc
865 2259 988 2321 negotium
997 2257 1105 2312 lacesset,
1117 2267 1142 2305 et
1152 2274 1225 2321 quern
1236 2259 1321 2306 nescio
1337 2276 1369 2307 au
1447 2261 1448 2274 ³

226 2319 297 2370 τύποι
314 2320 445 2384 σφενδόνης
459 2319 620 2384 χρυσηλάτου.
640 2321 729 2370 Julian.
745 2323 778 2370 E·
810 2327 874 2369 recte
885 2323 1057 2370 constituerim.
1089 2322 1167 2368 Aliter
1187 2321 1263 2384 vulgo
1286 2323 1371 2372 divisae

228 2387 284 2448 pist.
297 2391 320 2434 8.
333 2385 404 2450 ύλῖγη
415 2385 526 2447 σφραγῖδι
538 2385 648 2446 μεγάλου
657 2389 779 2447 χαρακτῆ-
813 2387 919 2447 personis
946 2387 1056 2449 loquendi
1078 2387 1150 2434 vices.
1193 2386 1323 2434 Prodeant
1341 2391 1370 2436 in
1447 2429 1448 2452 Ι

226 2466 265 2512 ρος
284 2449 359 2499 τύπον
376 2448 532 2511 ἆνεμαξάμην.
557 2451 638 2497 Schol.
658 2450 690 2496 ad
708 2451 780 2511 Vesp.
812 2466 906 2498 scenam
924 2452 1031 2498 homines
1046 2450 1136 2513 aliquot
1146 2449 1219 2507 otiosi
1229 2460 1253 2498 el
1266 2452 1368 2500 circum·
1447 2473 1448 2494 ;

227 2518 285 2562 583.
306 2517 342 2576 τά
368 2512 492 2576 κογχυλῖφ
513 2515 548 2574 ποῖ
575 2512 709 2576 ἐπικειμένῳ
730 2517 781 2564 ταῖς
811 2513 910 2570 foranei,
926 2516 967 2578 qni
979 2515 1088 2563 convivio
1104 2516 1221 2562 interesse
1233 2517 1371 2580 cupientes,

227 2580 344 2640 σφραγῖσι
352 2580 396 2627 τοὺ
405 2579 437 2640 μὴ
455 2576 608 2640 ἀφανίζεσθαι
624 2577 679 2627 τοὺς
694 2577 781 2629 τύπους
813 2594 828 2624 a
856 2595 924 2626 servo
950 2579 1054 2642 janitore
1084 2581 1170 2626 ostium
1199 2580 1248 2626 sibi
1280 2583 1371 2644 aperiri

228 2642 309 2700 αύιῆς.
321 2643 408 2692 Bene.
425 2644 512 2691 Pollux
523 2659 548 2690 x.
559 2644 642 2692 59.ού
652 2644 698 2702 μὴν
709 2642 780 2704 dyvo-
813 2642 935 2704 flagitant:
953 2648 1035 2691 borum
1054 2659 1114 2690 unus
1130 2645 1165 2690 ait
1181 2642 1266 2704 άνοιγε
1276 2644 1369 2702 τὴνθύ-

227 2704 307 2768 ητέυν,
325 2705 362 2756 ὑτι
381 2706 424 2755 τὺν
444 2706 573 2764 ἐπιτήδειον
584 2707 617 2756 εἷς
632 2707 661 2754 rb
675 2725 780 2766 καταοη-
813 2725 863 2768 ραν.
896 2707 955 2755 Haec
972 2709 1045 2755 verba
1066 2719 1092 2754 et
1111 2724 1164 2770 quae
1181 2717 1320 2772 sequuntur
1336 2710 1368 2757 ad

228 2770 351 2830 μαίνεσθαι
369 2770 440 2834 κηρὺν
455 2772 478 2820 oi
492 2770 588 2819 eunoici
604 2769 677 2834 ῥύπον
692 2771 780 2832 ὢνθμα-
814 2772 883 2818 finem
910 2772 987 2835 quinti
1023 2787 1105 2818 versus
1132 2773 1202 2834 vulgo
1232 2773 1370 2821 tribuuntur

228 2834 322 2897 ζυνκαὶ
336 2833 779 2898 ῥύπους,ύςθνΛυσισπράτηἈριστο-
813 2835 911 2892 famulo,
932 2837 995 2898 quod
1021 2837 1149 2887 absurdum
1175 2843 1223 2884 est.
1245 2837 1369 2885 Bnuucrr.

229 2897 312 2964 φάνης·
333 2899 379 2948 Kal
397 2897 471 2958 μηδὲν
488 2899 562 2948 οὑτως
579 2897 606 2947 εύ
626 2899 780 2960 σεσημάνθαι,
813 2905 877 2948 ΘΕΡ.
895 2898 974 2960 ducive
993 2902 1038 2957 τὴν
1055 2898 1145 2961 θύραν·
1165 2906 1236 2949 XOP.
1252 2907 1321 2950 ΠΝ.
1340 2903 1370 2950 αὖ

229 2961 258 3010 τὺ
268 2963 301 3023 μὴ
311 2963 366 3026 crixi
376 2963 432 3023 τυὺς
441 2959 527 3026 ῥύπους
536 2963 678 3013 ἀνασπάσαι.
700 2965 781 3028 Hujus
813 2967 960 3026 παραχωρεῖν
975 2965 1068 3024 θέλεις;
1093 2963 1097 3027 Ι
1122 2970 1187 3014 ΘΕΡ.
1203 2966 1270 3026 ὑμεῖς
1287 2995 1321 3003 -
1334 2993 1369 3002 -

229 3027 402 3075 observationis
413 3028 432 3075 si
443 3028 590 3076 meminisset
600 3028 664 3077 flor.
681 3032 780 3076 mendo·
812 3027 842 3076 rb
853 3028 945 3091 χωρίον.
960 3028 963 3094 Ι
978 3035 1046 3078 XOP.
1058 3035 1123 3077 ΠΝ.
1139 3029 1183 3078 οὐκ
1197 3029 1369 3090 ὑνποιήσαιμζ

198 3115 201 3121 -
228 3105 280 3138 sam
301 3091 389 3140 Vener.
413 3091 452 3140 ed.
473 3092 599 3140 lectionem
617 3091 672 3142 τοὺς
693 3093 781 3143 τύπους
813 3097 878 3141 ΘΕΡ.
894 3093 1163 3156 εἲ-ταλαιταρήαομεν.
1183 3093 1187 3158 Ι
1210 3101 1283 3143 ΧΟΡ.
1301 3103 1369 3145 ΠΝ.

247 3155 402 3215 referendam
426 3172 474 3203 non
502 3157 618 3204 duxisset.
656 3157 779 3221 llesyclr.:
813 3156 1184 3220 χήμεῖς-ξυνταλαιπωρήσομεν.
1218 3159 1313 3207 Censor
1328 3161 1370 3208 ed.

228 3169 308 3333 iirm
318 3219 510 3283 ρύτυνἈττικοῖ,
524 3220 568 3269 τὺν
583 3220 668 3270 εἰςτὰς
678 3221 779 3285 σφραγῖ-
814 3221 921 3270 Brunclr.
940 3223 965 3270 in
982 3223 1099 3271 Bibliotb.
1117 3222 1230 3286 Goldng.
1246 3232 1308 3271 vett.
1321 3225 1371 3271 litt.

279 3283 350 3349 κηρὺν
359 3283 467 3346 λέγουσι.
478 3285 598 3334 anncrr.
814 3294 840 3332 et
851 3293 894 3332 art.
906 3287 924 3334 i.
935 3303 960 3349 p.
973 3291 1030 3336 156.
1041 3288 1081 3350 qui
1097 3288 1124 3333 in
1140 3287 1242 3348 reliquis
1262 3289 1372 3336 Brunclr.

262 3351 335 3398 1200.
353 3350 460 3398 Metram
476 3351 553 3414 poscit
568 3352 594 3412 χ’
611 3349 663 3401 ἅττ’
674 3350 704 3399 du
714 3350 781 3400 ἔνδον
813 3351 927 3412 sequitur,
940 3351 986 3398 nisi
997 3353 1061 3415 quod
1075 3354 1145 3400 1244.
1156 3352 1228 3398 choro
1240 3353 1372 3400 mulierum

228 3407 342 3477 ᾖφορεῖν.
369 3413 779 3478 cf.cntistr0phicum1213.llo-
813 3414 905 3462 tribuit.
926 3414 1009 3462 Dm».
1048 3415 1062 3462 1
1087 3415 1157 3462 think
1183 3415 1203 3462 it
1231 3417 1319 3464 slrould
1342 3419 1372 3465 be

228 3489 281 3540 urm
299 3477 339 3526 cf.
350 3477 445 3540 Reisig.
455 3479 473 3526 i.
483 3495 508 3542 p.
520 3483 577 3528 213.
589 3477 671 3526 Drnn.
813 3479 869 3525 ibus
879 3479 992 3541 disposed
1004 3496 1009 3525 :
1032 3479 1241 3528 Circumforaneus
1252 3479 1276 3527 1.
1288 3485 1371 3542 ἤνοιγε

237 3591 241 3593 ,
262 3543 334 3592 1201.
357 3541 470 3592 Numerio
491 3550 555 3592 caret
574 3543 616 3590 hic
634 3558 722 3598 versus,
740 3545 780 3592 cui
812 3544 858 3600 τὴν
876 3542 954 3605 θύραν.
981 3543 1101 3592 Famulus.
1122 3543 1149 3591 ori
1167 3549 1321 3607 παραχωρεῖν
1332 3546 1371 3596 θέ-

228 3605 400 3653 contribuendo
420 3615 457 3654 est
472 3607 628 3670 precedentis
638 3607 742 3655 ultimas
760 3607 779 3654 l·
813 3607 901 3670 λεῖςςΙ
924 3609 987 3668 ὑμεῖς
1003 3607 1029 3656 τύ
1046 3606 1165 3666 κάθησθε;
1191 3611 1243 3668 μῶν
1266 3612 1318 3668 ἐγὼ
1339 3614 1373 3668 eri

227 3667 334 3730 lubu‚ad
349 3671 414 3718 huno
433 3671 543 3718 modurn:
569 3669 650 3734 θύεται
666 3672 685 3721 δ’
704 3623 778 3728 obbia,
812 3671 917 3731 λαμπάδι
931 3673 935 3732 Ι
950 3675 1008 3732 ὑμῖις
1025 3671 1181 3731 κατακαύσω,
1205 3675 1324 3736 φορτικὸν
1344 3663 1372 3724 αὑ

228 3735 331 3790 σκοπῶν,
353 3731 374 3782 ei
394 3733 427 3794 μὴ
441 3733 445 3798 Ι
458 3731 493 3786 ,τὶς
512 3735 574 3795 ὑμῶν
593 3735 702 3798 ὀξύτερον
722 3738 779 3797 ἐμοῦ
812 3736 899 3798 χυρῖον
921 3734 926 3801 Ι
945 3737 988 3786 ούκ
1004 3736 1033 3784 br
1048 3736 1177 3796 ποιήσαιμ’.
1210 3739 1264 3801 (By
1280 3740 1372 3787 admit-

226 3795 321 3854 βλέπει.
353 3797 408 3847 Jam
426 3814 471 3861 pro
491 3813 561 3847 versu
573 3800 638 3855 nullo
655 3800 726 3848 hebes
736 3801 778 3850 tri·
813 3801 863 3862 ling
887 3803 947 3849 such
977 3801 1100 3863 persons.)
1122 3801 1334 3852 circumforaneus
1349 3805 1372 3854 I.

227 3868 328 3927 metr'uru
340 3863 480 3924 paeonicum.
492 3863 612 3914 Brunca.
812 3863 833 3912 ei
843 3863 868 3913 δὲ
879 3863 940 3914 πάνυ
950 3867 987 3914 δεῖ
994 3866 1066 3914 τοῦτο
1083 3867 1150 3930 ὑρᾷν,
1164 3863 1170 3930 Ι
1184 3867 1245 3925 ὑμῖν.
1254 3867 1372 3930 χαρίζεαι

261 3929 334 3974 1201.
351 3925 420 3988 άρτος
443 3925 489 3976 leb
508 3927 621 3989 χοίνικος.
664 3929 704 3978 Sic
735 3946 779 3980 nos
812 3932 857 3990 θαι,
868 3931 1087 3992 τολαιπωρήσομεν.
1121 3931 1257 3993 (Heoffers
1275 3935 1317 3980 bis
1333 3950 1372 3980 as-

228 3987 376 4038 Gallosrenci
397 3991 499 4039 dicimos
517 4007 550 4040 an
567 3992 626 4055 ρσὶιι
642 3991 699 4042 d’rnr
717 3995 778 4044 boir-
811 3993 936 4057 eislauee.)
966 3995 1176 4045 Circumioraueus
1198 3994 1236 4044 II.
1256 3998 1286 4056 χ’
1303 3997 1372 4058 ἡμεῖς

226 4067 291 4102 esurr-
323 4053 423 4114 Choenir
441 4057 536 4104 sextarii
557 4072 666 4104 niensura
682 4065 720 4106 est
736 4059 777 4107 de·
811 4074 841 4117 γε
860 4059 922 4119 μετὰ
940 4057 1263 4121 σοῖξυνταλαιπιυρήσομεν.
1299 4062 1369 4110 Joan

225 4131 336 4165 mensum
345 4117 470 4178 diurnum;
488 4121 710 4183 proptereadiclum
720 4122 777 4184 ἡμε-
811 4123 916 4172 Sasona
935 4123 961 4170 in
978 4123 1093 4172 Clmsical
1111 4123 1211 4171 Journal
1222 4125 1260 4172 iii.
1275 4141 1303 4188 p.
1313 4130 1371 4175 498.

225 4178 356 4242 ρσιρύφιυν.
373 4181 660 4248 ,ΑρυάΗεαχοῖιΛισὺεε
676 4185 722 4235 berb
735 4188 776 4246 μέ·
809 4191 868 4236 499.
894 4185 984 4246 άνοιγε.
1005 4187 1066 4236 Haec
1083 4187 1169 4249 aliquis
1187 4189 1249 4236 dicit
1272 4189 1307 4238 ad
1321 4205 1369 4238 ser·

225 4260 279 4304 ρους
289 4244 380 4306 rosch:
397 4260 445 4294 non
459 4247 566 4296 dubitem
582 4249 708 4298 emendare
720 4250 776 4312 ἦρέ·
810 4266 868 4298 vum.
873 4249 999 4312 janitorem
1025 4251 1118 4316 ingredi
1143 4251 1245 4314 cupiens
1264 4255 1298 4302 ed
1312 4270 1370 4302 con·

225 4307 361 4370 ραςτρορύι.
394 4309 465 4366 Quod
482 4318 561 4359 autem
579 4329 664 4374 panem
684 4315 776 4366 νεανίαν
809 4314 916 4364 rivium:
940 4331 994 4364 cum
1013 4332 1060 4379 quo
1077 4317 1252 4378 plureseb'am
1273 4319 1370 4368 adsunt.

224 4377 301 4433 vocal,
313 4379 371 4433 puto
382 4389 435 4422 esse
444 4375 557 4433 νεανικὸν,
575 4385 600 4424 et
612 4379 650 4432 sio
661 4381 775 4442 grandem
808 4379 895 4428 Burro.
918 4381 947 4428 L.
957 4381 1104 4444 παραχωρεῖν
1114 4380 1141 4427 ού
1152 4379 1230 4429 θέλεις
1240 4397 1248 4440 ;
1270 4381 1356 4429 Ροιιε.
1447 4403 1448 4410 ¹

224 4440 251 4482 ιιι
261 4440 364 4484 raturare
376 4438 453 4514 valeat
473 4439 573 4510 νεανίαν,
593 4449 672 4507 atque,
693 4453 721 4494 ut
741 4445 774 4494 ait
842 4447 914 4514 1217.Ι
931 4446 996 4506 ὑμεῖς
1016 4444 1041 4494 τύ
1057 4443 1167 4504 κάθησθε.
1206 4445 1309 4504 Servus,
1329 4447 1371 4511 qui
