2872 4916
263 426 321 493 τιό
553 421 738 484 NOTAEJN
757 413 1098 485 nmsrotnnmum.
1181 419 1228 496 [v.
1245 426 1360 484 stt-tm.

266 583 437 650 χρεσότιδοςδ
462 601 496 646 ος,
507 583 636 647 Neptunus
646 583 749 645 danique
757 580 812 630 τόν·
844 579 934 629 Λατοῦς
950 579 1095 643 χρυσώπιδος
1112 576 1247 642 {pacali-t
1264 597 1289 628 τε
1305 577 1360 628 sime

265 669 302 700 πιε
318 647 390 711 σεμνὲ
405 657 427 698 Π
458 653 518 698 ειδσν
533 647 651 708 ἁλιμέδον.
683 646 814 698 damnosi
846 643 917 704 σεμνὲ
941 644 1064 704 Πόσειδον,
1078 643 1082 709 Ι
1097 642 1214 704 ἁλιμέδον,
1233 645 1352 707 προλιτύνΙ

166 741 171 756 ι
266 715 327 764 illud
344 714 367 762 A
387 715 447 764 Jove
468 714 617 779 principium,
635 713 676 760 sed
696 714 740 760 hoc
762 713 821 774 qui-t
846 709 924 771 μυχδυ
944 709 1058 772 ἰχθυόεντ’
1080 709 1263 772 οἳστροδόιητον,
1282 707 1286 774 Ι
1305 709 1361 758 {ltin

268 781 322 828 dem
333 779 452 828 eanucmn
462 781 530 840 longe
541 779 619 840 aptius
629 776 708 826 claudi
719 776 817 824 arbitror
847 775 921 838 δεῦρο.
953 775 1012 822 Haec
1023 774 1068 822 sibi
1077 777 1220 838 respondere
1236 775 1363 821 deutomtrmt

267 845 309 892 illa
330 844 398 893 Jovis
423 844 572 891 invocatione
599 841 741 904 gravissima,
763 849 816 888 tan·
846 839 1298 901 vocabulasimilemsonumreierentit‚
1311 855 1363 898 μηιι·

270 924 341 972 quam
357 907 495 972 injiriarnm
514 907 621 962 vindicis,
636 907 758 968 solumque
782 904 817 952 ibi
847 903 947 963 λύνυμε,
962 904 1106 966 τολυύιοιμε,
1123 913 1150 950 et
1165 903 1326 964 διμφιμύχητον,
1343 903 1364 950 οἰ-

269 973 352 1022 induci
367 975 440 1020 deum
455 972 595 1032 maximnm,
614 979 639 1017 et
656 971 699 1018 tali
719 969 817 1018 munere
848 967 1012 1032 σπροδόνηιςν,
1030 970 1110 1032 qualia
1127 969 1171 1015 sibi
1191 983 1304 1032 opponere
1321 975 1365 1014 anat

270 1038 386 1092 inmotum,
409 1035 506 1099 dignius
528 1035 578 1100 ejus
603 1049 704 1098 perseam
721 1049 816 1090 censeo,
848 1034 969 1096 Aristoph.
1002 1035 1116 1098 Exempla
1128 1025 1202 1096 hitjus
1211 1034 1246 1082 rei
1255 1035 1315 1080 habet
1323 1033 1364 1080 Rei-

272 1117 343 1165 quam
354 1102 391 1150 uic
406 1109 536 1148 ceterorum
555 1115 608 1148 eum
628 1102 726 1148 deomrn
744 1099 819 1147 turbe
850 1100 894 1162 sig.
910 1099 934 1144 i.·
944 1115 969 1162 p.
981 1101 1036 1147 137.
1047 1103 1111 1154 lea,
1127 1099 1214 1160 quibus
1232 1115 1298 1146 unum
1312 1097 1366 1144 simile

271 1167 306 1214 ita
314 1166 450 1222 immisceri,
468 1174 496 1212 ut
507 1165 639 1212 vixadesse
649 1164 745 1212 sandes.
771 1163 818 1210 De·
850 1163 945 1219 addam,
963 1164 1018 1226 qtsia
1037 1163 1096 1212 vitio
1114 1163 1227 1210 allectum
1245 1170 1286 1210 est.
1319 1163 1366 1210 Plut.

272 1231 329 1280 inde
338 1232 409 1279 metri
422 1229 516 1278 accedit
529 1231 598 1289 ratio,
615 1244 662 1292 qua
671 1227 755 1276 servari
771 1243 820 1274 non
851 1231 907 1276 303.
918 1229 995 1275 versui
1004 1229 1131 1291 atrophiam
1142 1227 1157 1286 t)
1167 1228 1225 1277 πούς
1243 1228 1367 1290 ἑτείρινςτιύ

272 1309 344 1360 possa
359 1295 423 1343 istud
443 1297 495 1355 Ζεῦ,
511 1293 717 1357 ρςίιιιο,υ(ίεραοῑιι
731 1292 820 1340 intelli·
851 1291 977 1340 Φιλωνίδου
991 1293 1043 1341 ποτ’
1063 1294 1088 1341 ἐν
1103 1291 1292 1356 Κορίνθφ,ιηιιειο
1305 1293 1368 1339 frustra

272 1362 342 1424 gitur.
373 1359 422 1408 Sed
441 1359 579 1424 corruptelae
595 1360 647 1420 quis
661 1357 732 1406 lons?
758 1358 821 1406 Sane
852 1357 952 1404 tentavit
963 1356 1055 1420 Reisig.
1066 1373 1091 1420 p.
1101 1363 1216 1406 lemnon
1227 1367 1368 1420 necterespm·

270 1441 318 1473 non
330 1425 431 1488 vulgaris
439 1423 616 1486 interpolatoris
626 1430 686 1485 erat,
702 1423 726 1468 id
745 1423 821 1468 nomi·
853 1421 894 1468 det
902 1421 1086 1486 antistrophicus
1095 1421 1199 1484 310.ιια1
1210 1421 1371 1484 μαγγανεύουσα

273 1490 311 1537 nis
322 1490 417 1546 addere,
434 1489 477 1536 sed
488 1504 547 1551 ejus,
563 1490 602 1550 qui
614 1488 709 1549 vulgata
720 1487 822 1534 lectione
853 1485 1000 1546 μολύνουσάν
1017 1503 1046 1536 τε
1065 1487 1121 1536 πούς
1141 1487 1255 1551 ἑταίρους,
1276 1503 1334 1550 quem
1349 1487 1371 1532 sic

273 1553 410 1617 χρυσολύρα
430 1571 458 1602 τε
485 1569 533 1600 non
555 1553 671 1600 immerito
689 1562 821 1606 vexaretur,
854 1552 930 1614 legas:
957 1551 995 1602 καὶ
1014 1551 1070 1602 πούς
1086 1550 1190 1616 ἑταίρους
1209 1549 1373 1614 μαγγανεύουσα

273 1619 469 1683 gnarusquippe,
489 1618 604 1680 epitheta,
620 1633 672 1680 (μισ
681 1623 770 1664 vocant
786 1631 822 1663 or·
853 1614 1001 1676 μολύνουσάν
1016 1633 1053 1664 τε.
1086 1617 1210 1665 Vocabula
1229 1616 1282 1666 τούς
1296 1615 1373 1679 ἑταίροις

274 1686 364 1740 nanta,
381 1685 431 1732 lere
449 1681 578 1732 ἀσυνδέτους
589 1683 654 1746 poni,
671 1681 734 1728 unde
744 1680 823 1742 suspi·
855 1695 897 1728 suo
908 1682 960 1728 loco
971 1682 1065 1737 attissa,
1073 1682 1171 1744 margini
1182 1682 1297 1743 adscripta
1305 1691 1373 1742 postea·

275 1750 517 1802 cabsturhomo,non
534 1745 695 1795 eundemdici
705 1743 824 1810 χρυσολύ·
856 1760 902 1808 que
926 1745 952 1792 in
974 1747 1042 1794 finem
1061 1761 1141 1794 versus
1158 1749 1254 1794 detrusa
1272 1755 1325 1795 sunt.
1348 1745 1374 1791 Si-

275 1831 318 1875 ραν
329 1820 354 1862 et
368 1812 545 1874 μεγαλώνυμον,
562 1812 606 1860 sed
617 1813 691 1874 primo
701 1826 823 1864 versuno·
856 1810 912 1858 mile
932 1810 989 1874 quid
1007 1811 1122 1858 accidisse
1135 1811 1234 1860 videtur
1251 1809 1307 1858 Ran.
1317 1814 1374 1868 tort,

276 1891 331 1926 men
346 1878 442 1942 aliquod
457 1879 583 1933 excidisse,
599 1878 662 1925 sicut
677 1876 764 1939 passim
776 1875 825 1922 lac·
857 1875 898 1922 ubi
908 1877 1029 1938 vulgatam
1039 1876 1172 1932 lectionem,
1190 1885 1267 1923 metro
1280 1876 1375 1922 adventa·

276 1950 334 1990 tum.
368 1944 448 1992 Verbo
466 1942 611 2002 monendum
627 1941 658 1988 de
676 1955 746 1988 versu
766 1947 824 1987 snos
856 1946 914 1994 tem,
931 1939 982 1988 εἶτα
992 1939 1083 2000 διδάξας
1098 1939 1155 1990 τοὺς
1165 1941 1261 2004 Πέρσας
1271 1939 1374 2002 petam

276 2009 330 2069 pltat
349 2011 389 2070 10,
415 2023 486 2070 quem
506 2005 715 2068 transponendum,
742 2004 826 2052 itidem
858 2005 975 2065 ἐπιθυμεῖν
995 2005 1087 2066 ἐδίδαξα
1102 2021 1179 2070 neque
1201 2007 1268 2054 Pors.
1287 2003 1375 2069 pratad

277 2071 346 2118 metri
365 2074 448 2135 gratia,
475 2088 528 2120 esse
546 2070 741 2120 existimavimus.
784 2069 825 2116 Li·
858 2068 920 2116 llec.
935 2086 960 2132 p.
973 2071 1006 2118 lv.
1021 2079 1086 2118 recte
1104 2071 1251 2127 emendavit,
1267 2068 1376 2132 nequem

277 2135 349 2182 btsrii
370 2137 550 2184 convenientius
572 2135 683 2198 putarint,
709 2133 827 2196 Nymphis
858 2134 923 2182 haino
943 2136 1004 2182 bene
1027 2135 1123 2197 refutat,
1144 2137 1234 2184 'Osann
1256 2133 1309 2182 iiber
1325 2133 1376 2194 Sopl.

278 2213 348 2263 quam
360 2200 445 2248 Diana
455 2201 553 2248 comites
562 2200 620 2248 addi
631 2197 755 2247 Nereides.
776 2198 827 2244 llo-
858 2197 920 2260 Ajaa
930 2213 955 2262 p.
967 2204 1007 2248 49.
1019 2214 1101 2248 versus
1115 2201 1151 2248 ita
1166 2202 1280 2262 legendus
1295 2200 1376 2246 videtur:

277 2279 329 2311 rra.
340 2271 365 2310 et
375 2279 442 2328 seqq.
474 2269 591 2314 110312.
604 2265 705 2326 εὔχομαι
715 2260 827 2311 tentant
859 2262 1000 2323 aeserniam
1017 2263 1106 2326 διδόζας
1123 2264 1178 2315 τούς
1190 2263 1288 2328 Πέρσας,
1303 2262 1376 2311 εἶτ’ἕτι-

278 2327 405 2441 decime)
419 2347 457 2378 νος
467 2327 580 2387 λιτόμεθα
589 2330 665 2378 τοῖσδ’
683 2329 720 2378 er*
732 2328 827 2388 εύχαῖσ·
859 2330 938 2388 θυμεΐν
955 2329 1052 2390 ἐδίδαξα.
1092 2330 1181 2378 Ρῐιευετ
1202 2330 1271 2378 metri
1285 2328 1379 2376 difficulta-

292 2391 388 2458 Ιιυφαν
401 2411 457 2442 ντας
470 2393 474 2459 Ι
489 2395 634 2458 ἐπιχαρῆναι.
648 2395 653 2460 Ι
667 2390 827 2453 Ζεῦμεγαλοί-
859 2399 907 2439 tem
924 2393 970 2441 alia
987 2409 1082 2458 quoque
1098 2397 1131 2442 ita
1147 2396 1244 2443 sublata
1258 2401 1300 2444 est.
1334 2388 1379 2438 Illud

280 2475 357 2517 νυμος,
372 2459 376 2519 Ι
391 2457 537 2520 χρυσολύρας
545 2477 573 2506 τε
583 2461 648 2515 Δῆλ·
663 2459 667 2521 Ι
682 2476 709 2506 υν
718 2457 746 2507 ts
755 2458 826 2516 ἔχεις,
859 2457 920 2518 μεπδ
929 2459 1001 2507 τοῦτο
1012 2462 1077 2507 enim
1086 2460 1219 2524 invulgata
1235 2461 1326 2508 lectione
1340 2455 1378 2518 quid

245 2579 247 2590 Ι
294 2521 378 2588 Ιχθόν
395 2523 458 2586 ίέραν
474 2523 543 2588 [sic],
565 2523 570 2588 Ι
591 2523 629 2571 καὶ
640 2523 679 2586 σὺ,
694 2520 828 2586 παγκρατὲς
860 2531 916 2585 post
936 2523 1085 2588 participium
1113 2526 1160 2572 sibi
1183 2525 1255 2581 velit,
1280 2536 1338 2571 nemo
1352 2537 1379 2568 et·

281 2586 347 2651 ιιόριι,
373 2597 460 2649 γλαυκ-
484 2587 487 2653 Ι
510 2591 555 2636 ὣτι
574 2587 738 2651 χρυσόλογχε,
758 2585 829 2635 πόλιν
860 2587 999 2650 plicaverit3
1027 2587 1077 2637 alre
1101 2597 1155 2651 post
1174 2591 1298 2653 participia
1312 2588 1379 2634 illatum

283 2652 325 2714 ἔχ-
340 2652 344 2719 Ι
357 2667 417 2702 ουσα
441 2652 553 2715 περιμόχ-
568 2653 573 2718 Ι
586 2671 652 2712 moa,
676 2652 730 2702 ἔλθε
743 2652 748 2714 Ι
762 2653 828 2711 δεῦρο
860 2654 991 2716 sepissime
1006 2655 1129 2717 reperitur.
1155 2655 1188 2703 V.
1210 2655 1280 2702 Koen.
1298 2655 1322 2700 ad
1337 2652 1379 2699 Gre-

280 2717 310 2766 σὺ
329 2717 367 2767 καί
384 2725 455 2767 πολυ-
470 2720 475 2780 Ι
489 2719 563 2778 ιίνυμε
584 2720 675 2766 Λατοῦς
689 2719 694 2780 Ι
708 2715 829 2778 θηρόκτονε
861 2732 910 2780 gor.
933 2715 1042 2766 Corinth.
1062 2735 1086 2782 p·
1104 2724 1149 2768 145
1166 2735 1205 2782 sq.
1238 2721 1326 2767 Dawes.
1340 2716 1380 2762 llis-

280 2785 325 2831 παΞ
337 2782 341 2848 Ι
354 2782 500 2846 χρυσώπιδος
511 2786 561 2844 lpa-
576 2782 580 2848 Ι
595 2799 628 2842 σς,
639 2782 669 2830 σύ
679 2801 707 2830 τε
716 2780 814 2846 πόντιεΙ
860 2783 915 2830 cell.
946 2783 1043 2840 Critica,
1071 2799 1125 2848 pag.
1146 2789 1206 2834 279.
1246 2785 1309 2832 Aue.
1327 2781 1380 2828 Wei-

282 2845 353 2907 σεριυὲ
374 2845 486 2896 Πόσειδον
516 2845 559 2896 ἂλ-
582 2849 586 2910 Ι
609 2847 691 2908 ιμέδιιν
709 2846 829 2908 προλίπουν
859 2862 956 2896 nausa.

281 2911 339 2975 [sic]
355 2910 359 2976 Ι
373 2911 450 2974 μυχόν
459 2911 573 2974 ίχθυόενπ’
588 2911 592 2978 Ι
612 2911 795 2976 οἰστροδόνητον,
810 2911 818 2977 Ι
893 2916 950 2962 312.
967 2911 1107 2974 εὐχόμεσθα.
1124 2913 1164 2962 Ita
1174 2909 1232 2963 edd.
1243 2911 1380 2961 Farratssm.

281 2975 370 3038 Νηρέος
379 2975 454 3026 tvmt—
488 2975 740 3040 οίτεκούραι,Νύμφ-
755 2975 760 3042 Ι
774 2977 828 3026 αιπ’
862 2983 887 3023 et
901 2992 992 3040 nupera
1007 2978 1147 3040 δεχόμεσθα·
1161 2995 1211 3027 non
1227 2981 1310 3042 placet.
1336 2975 1380 3021 Illud

280 3041 455 3104 ὀρείπλαγκτοι,
489 3041 588 3106 χρυσεῖιί
603 3061 629 3091 πε
639 3041 737 3104 φόρμιγξ
751 3039 755 3107 Ι
769 3041 829 3104 ὴχύρ-
862 3042 989 3104 respondet
1007 3043 1038 3090 ad
1054 3045 1160 3104 εύχεσθε.
1176 3046 1265 3092 Bsno.
1281 3041 1381 3104 εύχόμεσί.

282 3107 325 3154 σει’
335 3106 371 3154 ἐπ’
379 3107 461 3169 εύχαῖς
474 3106 478 3172 Ι
492 3107 620 3172 ἡμετέραις·
631 3107 746 3156 τελίυςδ
759 3107 796 3156 ἐκ·
811 3108 816 3168 Ι
862 3103 954 3154 Rmsn.
968 3106 1108 3169 εὐχόμεσθα,
1121 3110 1184 3172 quod
1197 3111 1295 3158 refertur
1303 3109 1328 3154 ad
1337 3107 1381 3152 Pm-

205 3168 209 3184 '
280 3169 564 3232 ιιλησιιίναιμενἈθηναί·
578 3175 582 3236 Ι
597 3171 815 3236 αναίδε,γυναΐκ-Ι
863 3171 959 3218 conisste
981 3173 1089 3234 εὔχεσθε,
1117 3173 1304 3237 primus'edidit
1324 3171 1382 3217 Barth.

281 3253 306 3285 ες
316 3235 431 3297 εύγενέες.
464 3239 496 3286 V·
506 3243 529 3286 8.
546 3237 642 3286 Excidit
651 3237 749 3302 syllaba.
778 3237 828 3284 Re·
860 3235 962 3292 Zanetti,
979 3247 1005 3285 et
1022 3240 1056 3286 sio
1073 3239 1148 3286 estin
1168 3243 1225 3287 cod.
1258 3239 1345 3286 Pratum
1359 3242 1384 3280 eu

280 3303 348 3363 posui
360 3301 436 3364 χθόν’.
453 3309 478 3350 ει
488 3303 514 3349 in
523 3321 544 3349 v,
557 3301 596 3352 121.
608 3302 637 3351 σὺ
649 3319 670 3350 υ.
682 3307 721 3351 29.
732 3302 777 3350 αἵδ’
796 3303 826 3350 de
861 3302 925 3361 quod
937 3304 989 3348 aliae
1008 3303 1063 3350 edd.
1079 3303 1168 3356 habent¹
1176 3319 1208 3351 ex
1219 3304 1320 3368 principe
1334 3297 1381 3361 δεχό-

278 3381 331 3413 meo
342 3366 451 3429 supplevi
461 3385 483 3414 v.
495 3373 534 3416 14.
551 3368 630 3430 Vulgo
641 3365 760 3430 θηρόρονε.
778 3367 828 3414 De·
859 3369 941 3425 μεσθα.
959 3367 1079 3415 Brunca.

279 3429 304 3476 di
321 3431 454 3495 dnpdmoffl:
473 3433 828 3496 et.1ph.1570.etLys.1262.
892 3435 948 3478 313.
976 3431 1069 3496 Reisig.
1090 3433 1161 3480 tacite
1182 3433 1278 3496 scripsit
1301 3429 1382 3498 raiol-

276 3493 519 3557 Ἄρταμισηρόκπονε.
536 3497 567 3545 G.
578 3498 693 3544 Bonons.
726 3495 828 3546 Carmen
860 3495 973 3557 εύχαῖσιν.
991 3496 1073 3544 Dmn.

281 3560 356 3622 chori,
365 3560 450 3622 quoda
459 3567 515 3610 312.
524 3561 677 3626 incipit‚etin
685 3561 829 3610 editionibus
894 3565 950 3609 315.
965 3558 1127 3623 μεγαλώνυμε.
1146 3561 1177 3610 V.
1191 3563 1258 3634 pr.
1269 3566 1320 3610 tta.
1333 3552 1382 3604 εύλύ-

281 3625 360 3672 adhuc
376 3626 592 3690 monostrophicum
608 3627 703 3690 legitur,
719 3627 829 3674 antistrou
862 3643 904 3689 ρας
914 3627 1000 3673 dicitur
1010 3627 1100 3690 Apollo
1111 3627 1172 3674 infra
1182 3632 1240 3676 960.
1258 3627 1333 3674 Bane.

281 3688 378 3750 phicum
394 3691 485 3752 primus
499 3691 602 3739 restituit
619 3691 712 3746 Hotib.,
723 3694 830 3738 sednon
896 3695 952 3740 316.
976 3693 1056 3749 Δῆλον
1077 3691 1103 3741 ts
1125 3692 1197 3754 ἔχεις.
1227 3693 1259 3742 V.
1275 3691 1332 3739 Nub.
1345 3693 1383 3734 505.

281 3753 371 3814 optimo
382 3769 499 3804 successu.
533 3757 620 3804 Totum
640 3768 747 3820 systema
766 3759 830 3804 enim
863 3755 948 3802 Bane.

279 3817 314 3865 ita
325 3821 482 3882 compositum
491 3819 597 3868 videtur:
610 3819 633 3869 ού.
667 3821 699 3876 θ’.
731 3819 764 3876 β’.
796 3821 830 3882 ps.
895 3825 951 3869 320.
968 3821 1067 3884 Lysistr.
1084 3825 1156 3872 1207.
1189 3823 1286 3882 Dorice,
1304 3814 1384 3880 ιἰγρσίύ

280 3879 303 3930 d.
336 3883 364 3932 δ’.
398 3883 426 3932 δ’.
447 3884 490 3946 ·γ’.
522 3886 601 3932 Prima
611 3889 706 3950 stropha
717 3888 768 3934 haec
779 3895 830 3934 est=
859 3883 956 3946 Ἀριεμι
976 3883 1110 3949 σηροκτόνε,
1133 3887 1289 3950 μόλε·δεῦρο,
1308 3882 1384 3944 παρσένε

281 3948 414 4009 δεχόμεσθα
434 3951 473 3999 καί
494 3953 550 3999 θεῶν
575 3949 652 4010 γένος.
677 3951 681 4016 Ι
702 3951 831 4012 λιτόμεσθα
863 3949 910 3998 aad.
938 3953 1021 3998 Bsae.
1054 3951 1174 4014 θηροφόυε.
1216 3950 1287 3998 Hanc
1308 3945 1384 3996 nominis

280 4015 356 4062 ratae
379 4015 413 4062 ἐπ’
435 4016 516 4077 εὐχαῖς
529 4013 533 4079 Ι
547 4013 663 4076 φανέντας
685 4019 830 4079 ἐπιχαρῆναι.
862 4015 957 4062 lortnam
983 4017 1117 4080 Theognidi
1142 4018 1280 4082 Megarensi
1305 4013 1384 4064 testimo,

280 4079 319 4126 cui
338 4082 483 4141 respondent
493 4097 523 4126 ν.
534 4085 590 4129 352.
602 4087 666 4142 sqq.'
675 4082 829 4142 ξυνευχόμεσ-
862 4080 928 4143 cujus
939 4081 963 4127 in
974 4080 1155 4142 fragmentorum
1171 4085 1241 4131 inill0
1252 4076 1354 4144 enpapdm
1362 4075 1384 4120 ¹⁶¹

280 4145 310 4190 θα
327 4142 401 4192 τέλεα
421 4143 465 4204 μὲν
484 4145 488 4209 Ι
508 4143 584 4201 πόλει,
601 4144 674 4194 τέλεό
689 4165 717 4194 τε
734 4147 798 4208 δήμῳ
812 4147 816 4208 Ι
863 4145 932 4204 gitur,
942 4145 1151 4197 sonna-inusitata:
1170 4149 1271 4197 debetur
1279 4161 1306 4192 ea
1315 4141 1386 4191 librario

279 4205 330 4258 τόδ
345 4211 453 4270 εὔγματα
470 4207 620 4271 γεγένησθαι.
651 4213 785 4259 Secundam
795 4213 830 4260 ita
861 4207 979 4270 ignoranti
990 4215 1093 4260 vocalem
1112 4215 1206 4262 brevem
1223 4215 1250 4260 in
1261 4221 1387 4268 caesuraprm

248 4314 252 4320 .
280 4273 353 4335 lego=
385 4271 404 4321 d
432 4276 594 4336 μεγαλώνυμε,
611 4275 756 4339 χρυσολύρα,
779 4275 830 4342 Ιδς
862 4273 933 4340 duqi:
952 4276 1077 4338 scripserat
1087 4282 1195 4341 antiquus
1205 4289 1295 4342 poeta:
1312 4275 1387 4334 'amm

279 4337 345 4396 ἔχευε
357 4338 421 4397 tepeo
432 4341 477 4398 τὴν
487 4343 575 4398 Δῆλον,
591 4341 594 4406 Ι
609 4340 640 4390 σύ
649 4361 676 4390 τε
687 4341 828 4405 παγκρατὲς,
862 4335 984 4401 tapetias,
996 4341 1099 4406 θυγάτηρ
1109 4345 1171 4406 Διός,
1187 4343 1216 4400 ἣν
1226 4332 1379 4404 ἈγαμόμνννΙ

280 4399 437 4460 dyaconem
451 4405 455 4466 Ι
469 4407 623 4468 χρυσόλογχε
634 4405 698 4470 adpo,
713 4406 717 4472 Ι
732 4405 829 4461 δπόλιν
862 4403 943 4458 eldad,
961 4403 996 4468 tr]
1017 4407 1041 4454 ἐς
1058 4407 1142 4470 Τροίην
1163 4408 1233 4456 ἔπλεε
1256 4405 1320 4465 νηυσί
1335 4403 1388 4450 θοοῖς.

183 4529 186 4536 ⁴
277 4465 349 4515 οἰκεῖς
376 4467 552 4532 ἀμφιμόχητσν,
574 4473 580 4530 Ι
601 4472 682 4520 ἐλθέτε
703 4473 777 4534 δεῦρο.
803 4481 828 4520 et
861 4467 981 4515 Brunca.
1014 4472 1059 4519 Sed
1078 4474 1126 4522 vid.
1139 4475 1215 4524 Bell·-
1232 4473 1263 4522 ad
1278 4465 1386 4531 Theoguid

274 4531 459 4616 antistropham:
473 4535 509 4583 κού
519 4535 662 4596 πολυώνυμε,
674 4537 793 4602 θηρορόυε,
809 4537 819 4602 Ι
862 4549 884 4596 p·
897 4537 937 4583 60.
954 4533 1035 4582 Dran.
