2914 4904
78 359 294 460 θοᾶν-ιιι]
483 435 485 440 ,
577 365 744 426 suumn
900 397 915 448 ,3
1187 391 1227 453 ,9
1278 339 1306 401 ί

76 527 137 570 teste
147 523 204 585 ipso
213 520 391 584 Aristophane,
403 520 444 583 qui
455 519 481 568 in
491 519 639 584 Amphiarao
671 533 724 572 rsnr'
733 530 857 574 verterunt
865 539 914 576 non
924 536 1009 591 sponte
1020 545 1071 588 sua,
1077 548 1154 596 neque
1162 537 1228 600 quud

71 587 145 650 dixit,
158 585 204 648 Δἀφ’
223 583 396 646 simpiciter
411 583 581 647 μορμολύκειον
598 587 638 649 ἐγ·
672 585 739 636 διεοδ
758 589 822 638 bello
843 590 909 648 lessi,
929 594 972 640 sed
996 603 1090 658 propter
1111 613 1165 646 suns
1185 601 1229 664 q-ui

77 668 130 698 νον.
174 651 216 699 Sic
236 665 277 713 ap.
298 649 399 698 Thabor.
418 651 469 714 [κν.
488 651 541 714 tta]
563 662 639 700 mater
671 652 761 715 captivi
771 653 1058 718 erantadSphacteriam.
1076 661 1227 727 Mirorergo,

76 714 186 777 quadam
196 713 429 770 terroremincutere
440 721 539 761 conatur
554 715 637 773 filiolo,
689 718 736 764 uod
754 724 879 779 tantopere
890 720 1061 784 Aristophanes
1077 725 1156 772 hostes
1175 727 1227 775 lau·

78 793 132 826 curn
142 780 190 853 ait,
207 777 296 852 μορμδι,
309 776 388 826 δάκνει
397 777 475 852 ύττος.
493 778 534 840 Et,
545 779 637 828 sibene
671 731 721 842 dat,
743 791 769 828 ut
779 781 886 846 ἐινδρικοῖιςι
897 777 954 832 Paci
964 787 1111 848 attrahendas
1130 789 1226 840 studens

77 857 184 898 memma,
213 841 379 890 Callimachus
402 841 489 902 [Dran.
511 847 551 891 70.
579 842 637 890 Del.
670 843 742 892 dicat.
775 845 837 894 Sane
853 847 959 910 suspicor
977 849 1104 912 legendum
1116 851 1174 902 ἰιλλΙ
1190 854 1227 911 οὔ,

70 906 147 969 297]
175 905 238 978 dixit
256 904 432 968 μορμύσσεσθαι
455 919 496 966 pro
518 907 637 967 ἐκφοβεῖν.
669 911 857 972 nonautenr91:
876 927 930 960 nam
945 911 1070 974 sequentia
1080 925 1189 978 arguunt,
1200 928 1226 966 st

77 970 158 1018 Latini
169 970 268 1016 Mauras
284 976 311 1016 et
320 969 455 1034 Manducns
465 972 590 1026 vocabant,
610 979 637 1018 ut
670 986 724 1018 cum
735 973 770 1019 ait
781 975 842 1020 solos
853 975 947 1028 vinctos
964 977 988 1024 id
1005 979 1089 1026 sedulo
1106 980 1225 1030 adfectare

77 1041 145 1096 patet
166 1047 198 1080 ex
220 1032 301 1082 Festo.
335 1033 396 1080 Sana
419 1033 496 1080 Varro
518 1031 636 1082 Carrinarn
670 1043 696 1082 et
707 1052 763 1084 cum
774 1038 805 1083 ait
817 1037 863 1085 ούδ
876 1039 898 1086 oi
909 1043 1033 1102 Μεγαρεῖς.
1046 1043 1088 1090 Fa.
1100 1042 1168 1093 Cura.
1206 1081 1213 1090 .

70 1106 102 1148 ‚et
116 1097 249 1144 Ruminam
268 1098 407 1144 lactentium
424 1097 481 1144 deas
500 1097 563 1144 inter
581 1097 635 1146 Ma·
701 1104 758 1148 471.
775 1101 909 1150 In-carcere
921 1104 1010 1165 lignum
1021 1105 1118 1154 eratvel
1129 1107 1223 1170 cippus.

75 1162 126 1208 uias
137 1167 260 1209 recenset.
270 1161 316 1208 Fa.
330 1160 396 1208 Cras.
420 1161 449 1206 In
462 1161 568 1210 Acharn.
580 1167 637 1210 582.
657 1163 715 1224 [quo
729 1163 804 1226 pedes
823 1166 970 1228 captivorum
988 1169 1137 1226 tenebantur,
1158 1171 1224 1220 dice-

75 1226 105 1272 ad
127 1225 242 1272 eumdem
262 1225 344 1280 istum,
371 1224 426 1272 ἀλλ’
456 1223 574 1280 ἀντιβολῶ
603 1227 635 1291 τ’,
667 1226 860 1290 baturquehlhov
870 1231 907 1276 vel
920 1232 1080 1290 ενλοπέδηνεΙ
1088 1233 1224 1296 ποδοκάκκη

75 1289 193 1349 ἀπένεγκέ
206 1305 253 1349 μου
268 1287 315 1346 τὴν
334 1287 454 1351 Μορμάνα.
487 1287 635 1336 Alluditau·
667 1291 738 1352 (puto
749 1291 816 1353 quasi
826 1291 991 1356 ποδοκοιτοχὴ)
1007 1296 1045 1343 vel
1062 1298 1134 1344 etiam
1152 1302 1223 1348 ποδο-

72 1361 124 1403 tem
133 1356 165 1400 ad
177 1353 329 1415 Gorgonem,
346 1353 442 1415 signum
458 1352 484 1398 in
501 1353 588 1416 clypeo
605 1355 635 1402 il·
668 1353 768 1417 οτράβη.
808 1355 884 1403 Attici
895 1358 1034 1420 simpliciter
1045 1375 1140 1408 nervum
1152 1377 1223 1412 voca·

75 1417 130 1467 lius.
178 1417 210 1464 In
233 1417 340 1464 Acharn.
362 1421 434 1466 1094.
455 1415 486 1462 ad
507 1419 634 1464 eumdem:
667 1417 725 1469 bant
735 1421 811 1467 κᾶλον
821 1421 837 1466 i.
849 1435 871 1466 e.
881 1421 986 1483 lignum:
1008 1424 1064 1471 inde
1077 1425 1222 1484 ἐγκαλοσκε-

63 1480 113 1531 nal
128 1479 180 1546 -γδρ
197 1480 229 1530 σὺ
244 1479 356 1540 μεγάλην
371 1477 506 1544 ἐπεγράφου
523 1480 635 1544 Γοργόνα.
666 1483 770 1544 heisqui
790 1499 820 1530 ex
838 1484 891 1544 lege
908 1487 963 1532 neri
978 1494 1053 1534 erant.
1086 1487 1223 1552 Hesychius

73 1545 161 1592 Bane.
242 1581 244 1584 -
667 1546 708 1600 ait,
717 1549 755 1608 ¹sic
768 1547 846 1594 vocari
856 1562 906 1603 eos,
924 1550 965 1612 qui
981 1551 1046 1612 quod
1056 1551 1165 1602 debitum
1175 1569 1223 1607 uon

69 1667 72 1672 Ι
104 1614 164 1660 tor.
182 1609 248 1658 Οὐδ’.
264 1605 303 1656 Ita
311 1615 376 1656 recte
387 1607 515 1658 eddFarr.
523 1615 549 1656 et
560 1609 634 1657 me.
667 1610 795 1667 solverent,
815 1612 840 1658 ἐν
856 1608 938 1660 κάλοις
948 1613 1100 1674 ἐδεσμεύοντο
1111 1615 1166 1664 τοὺς
1176 1615 1220 1668 τύ-

73 1672 163 1720 Aldina
174 1681 258 1720 autern
268 1679 293 1720 et
303 1673 319 1720 J
321 1673 405 1720 antina
414 1680 439 1720 et
449 1687 539 1734 nupera
550 1670 576 1720 εύ
587 1673 635 1722 ούδε
661 1675 715 1736 δας,
732 1675 808 1736 pedes
817 1674 844 1720 in
854 1690 927 1722 nervo
940 1677 1068 1727 habebant.
1102 1679 1224 1730 Ceterum

72 1764 111 1785 —.
121 1737 210 1785 Base.
228 1735 320 1798 Argivi,
332 1751 390 1798 quos
401 1751 415 1784 a
425 1736 559 1784 Laconibus
568 1737 634 1800 Thy·
667 1753 721 1784 cum
732 1739 766 1786 ait
784 1737 898 1798 χαλκεὺς,
914 1748 972 1802 puto
991 1743 1107 1792 Cleonem
1123 1742 1222 1794 οἷνύττε-

70 1817 109 1850 rea
119 1801 279 1856 disterminat,
296 1808 436 1852 caeterorum
447 1799 586 1848 Graecorum
596 1815 634 1846 ro·
667 1805 729 1856 σθαι,
750 1803 790 1864 qui
811 1809 930 1850 trecentos
948 1804 1003 1852 illos
1028 1807 1223 1856 Lacedaenronios

72 1865 117 1914 bus
129 1865 219 1928 opimis
234 1872 349 1926 tanquam
367 1863 443 1911 invidi
459 1863 635 1911 macrescebant
667 1865 772 1926 captivos
782 1865 807 1910 in
819 1865 881 1928 Pylo
899 1873 924 1912 et
943 1868 1080 1930 Sphacteria
1094 1863 1202 1918 liberavit
1212 1889 1221 1933 ;

72 1937 98 1976 et
108 1927 384 1986 adversiscrescebant.
415 1927 501 1990 Itaque
519 1942 582 1974 nunc
597 1926 634 1974 A·
666 1942 760 1977 uameo
779 1938 880 1990 spectat,
896 1932 960 1990 quod
979 1931 1010 1978 de
1029 1932 1111 1980 eodem
1131 1933 1222 1982 Cicone

71 1994 235 2041 theniensium
253 1990 364 2040 foederati
382 1999 457 2052 erant,
475 2007 538 2040 nunc
557 1990 633 2039 Lace·
665 1991 752 2039 dicitur
765 1991 791 2040 in
803 1991 864 2054 qu.
877 1997 933 2041 469.
950 1995 1031 2042 fabula
1051 1995 1089 2044 tet
1106 1995 1152 2057 γάρ
1171 2001 1223 2048 τοῖς

73 2057 256 2113 demoniorum,
274 2055 317 2116 qui
335 2055 448 2118 Argiuam
458 2055 530 2102 tidem
541 2069 634 2117 semper
666 2053 792 2118 δεδεμένοις
802 2055 954 2116 χαλκεύεται.
967 2058 1010 2104 Fr.
1021 2059 1089 2106 Can.
1113 2059 1161 2108 Hic
1173 2077 1223 2108 ror-

496 2119 501 2130 ι
757 2121 762 2130 ·
955 2122 960 2132 ·
1127 2125 1139 2138 ιε
1168 2122 1175 2144 μ

71 2128 214 2234 enm
229 2121 366 2232 {titini
387 2119 536 2246 aitrau
555 2117 634 2230 sin
664 2120 962 2247 {attitulatus
981 2121 1222 2250 trutinatur

69 2263 202 2296 commune
210 2248 393 2296 Atheniensium
403 2254 429 2294 et
438 2246 632 2294 Lacedaemonio-
666 2247 738 2304 ducti,
750 2248 860 2311 captivis,
873 2257 898 2296 et
907 2249 938 2298 ad
948 2250 1009 2306 hac,
1025 2250 1041 2302 a
1058 2250 1162 2310 χαλκεὺς
1177 2253 1222 2302 οὐκ

67 2329 123 2360 rum
132 2313 208 2360 rebus
220 2313 290 2359 novis
308 2312 450 2358 studuerant
460 2319 485 2358 et
494 2325 550 2357 vero
561 2310 633 2369 Belo·
667 2311 695 2373 ἐᾷ
712 2311 744 2358 ita
762 2321 948 2360 commentatur:
968 2312 1004 2362 ύτι
1016 2311 1121 2364 ἐδέδεντο
1132 2314 1170 2364 ael
1180 2334 1221 2366 ιτε-

67 2377 177 2438 ponnesi
186 2377 312 2438 imperium
324 2374 512 2422 adfectaverant.
528 2429 531 2434 ,
546 2373 632 2438 Itaque
666 2371 775 2438 ριέκειντο
795 2377 874 2424 αὐτοῖς
892 2376 967 2426 πέδοι·
987 2377 1051 2424 Flos.
1071 2377 1236 2431 Christianus
1290 2410 1293 2416 -

66 2456 119 2488 aon
130 2441 217 2488 mirum
229 2441 250 2486 si
260 2439 292 2486 ad
301 2439 369 2502 pacis
378 2439 568 2486 conciliationem
579 2454 633 2501 seg·
665 2454 731 2486 vero.
742 2438 837 2501 ἔχονται
852 2441 896 2488 τοῦ
913 2439 984 2500 ξύλον
1002 2441 1172 2506 interpretatur
1191 2443 1222 2492 de

67 2505 188 2552 nesolim
196 2505 292 2554 fuerint.
332 2502 396 2550 Illud
408 2501 482 2550 τάλαι
493 2503 587 2550 videtur
598 2517 634 2548 ar·
666 2501 744 2565 cippis
767 2505 854 2566 ligneis
880 2505 1035 2566 captivorum,
1064 2513 1090 2553 et
1114 2507 1221 2566 χολκεδε

66 2584 157 2631 gnere,
179 2568 300 2631 proclives
320 2576 405 2630 postea
425 2568 500 2614 luisse
521 2565 553 2612 ad
569 2567 635 2628 pacis
667 2567 777 2615 Cleonem
798 2575 867 2629 putat
887 2567 1027 2628 significare,
1048 2569 1187 2631 longissime
1207 2587 1222 2620 a

63 2631 340 2694 studiaanrplectenda
357 2631 482 2680 ancre.
514 2628 634 2692 Apposite
667 2645 723 2678 vero
732 2631 875 2678 aberrantes.
896 2629 961 2677 Nam
972 2632 1048 2680 Cleon
1058 2633 1150 2694 pridem
1159 2649 1223 2682 mor·

66 2698 122 2746 haec
134 2695 391 2744 dicunturadannum
408 2694 542 2742 didascalia
561 2709 578 2750 a,
591 2708 635 2740 no·
667 2700 723 2741 tuas
744 2701 801 2758 erat,
821 2697 850 2742 ut
868 2709 895 2742 ex
916 2695 992 2756 ipsius
1012 2696 1124 2742 dramatis
1143 2699 1222 2750 verbis

68 2761 108 2808 bis
120 2762 281 2822 assignatum.
316 2759 454 2807 Numanno
467 2757 575 2806 sabeth
589 2758 634 2805 Pe·
667 2757 750 2819 colligi
760 2757 978 2806 donstrabinrus.
1012 2758 1224 2821 Ergasimpliciter·

68 2825 120 2888 lop.
138 2840 226 2888 pacem
244 2824 372 2870 turbabant
390 2822 475 2885 Argivi
492 2822 561 2868 illato
576 2821 635 2883 Epi·
668 2838 711 2884 per
722 2836 771 2878 eos,
788 2823 826 2882 qui
843 2824 940 2886 ἐχοντοιι
957 2823 1001 2870 τοῦ
1016 2821 1223 2887 ξύλοο,,ὶοῑε1118“ιι

68 2889 163 2936 dauriis
192 2888 258 2936 bello
284 2902 340 2935 cum
360 2887 426 2934 mille
448 2885 636 2932 Atheniensibus
669 2884 815 2946 ξυλουργοδι,
827 2887 869 2950 qui
880 2895 964 2946 aratra,
975 2887 1076 2948 ligones,
1090 2895 1185 2944 rastros,
1197 2895 1223 2936 et

68 2952 215 3001 auxiliariis.
234 2951 342 3016 Thucyd.
361 2950 402 2997 lib.
413 2966 435 2996 v.
453 2954 493 2998 61.
512 2949 635 2998 Patara.
668 2951 716 2996 alia
726 2949 791 3012 pacis
809 2957 831 2997 st
846 2950 959 2998 arationis
978 2951 1222 3000 instrumentasacis-

68 3017 207 3066 Frobmhb'
224 3014 282 3062 Ald.
295 3013 330 3062 εδ.
348 3015 432 3062 Bran.
465 3014 565 3062 Comma
582 3021 637 3076 post
668 3013 737 3077 bant,
748 3022 773 3060 et
787 3013 929 3076 ideopacem
941 3015 1094 3077 expetebant,
1105 3018 1168 3078 quod
1180 3031 1222 3064 so·

69 3081 151 3130 σάλοι
179 3079 278 3139 sustulit
302 3077 456 3127 Heindorfius
476 3078 506 3125 ad
528 3077 636 3126 Platonis
667 3093 717 3124 rum
730 3077 888 3142 artesiupace
899 3079 976 3140 magis
985 3079 1097 3141 expetitas
1108 3086 1133 3126 et
1143 3080 1222 3128 lucro·

69 3145 203 3207 Protagor.
214 3146 304 3206 prata.
319 3143 403 3190 Dran.
420 3139 447 3190 εύ
458 3141 507 3190 οἵδε
519 3139 557 3189 ed.
575 3139 635 3189 Ald.
668 3156 708 3188 san.
741 3141 778 3189 At
787 3141 897 3203 χαλκεύς,
909 3141 978 3202 cujus
995 3157 1030 3188 ars
1048 3157 1111 3189 arma
1122 3141 1222 3192 fabrica·

70 3207 178 3257 Kaster.
189 3207 304 3270 probante
321 3207 415 3267 Toupio
431 3206 488 3254 Cur.
506 3205 635 3252 Posterior.
668 3205 717 3260 bat,
739 3220 824 3269 pacem
835 3207 954 3268 impedire
975 3205 1080 3266 volebat,
1099 3219 1131 3252 ne
1150 3221 1222 3254 ,suum

70 3273 97 3319 in
115 3272 239 3322 'lireocrit
258 3269 452 3320 niii.15·Poas.
472 3267 498 3318 εὖ
515 3269 563 3318 οἵδε
583 3269 635 3316 cod.
667 3268 759 3316 lucrum
769 3277 877 3324 cessaret,
897 3277 923 3316 et
940 3283 968 3314 ea
986 3269 1105 3330 expositio
1116 3269 1223 3320 firmatur

71 3337 135 3386 Vnt.
146 3336 202 3384 Pal.
214 3335 301 3384 Dosa.
570 3370 572 3375 .
668 3348 697 3379 en
714 3332 754 3394 iis,
772 3347 826 3394 quae
843 3332 897 3379 satis
907 3332 985 3378 tacete
996 3333 1027 3378 de
1038 3330 1223 3380 Atheniensium

105 3395 174 3450 469.
185 3397 491 3460 διχόθενμισθοφοροῦντει.
507 3397 636 3444 Demosth.
664 3392 740 3442 'labris
750 3403 775 3442 st
787 3394 910 3442 artiiidbus
929 3394 963 3442 ait
980 3397 1023 3442 hac
1042 3394 1127 3442 eadem
1143 3395 1226 3451 tabula

70 3482 95 3513 c.
106 3465 214 3512 Timocr.
226 3462 265 3511 ἐάν
275 3479 311 3511 τις
328 3462 344 3520 η
363 3461 456 3524 διχόθεν
472 3463 604 3524 μισθοφορῇ
619 3459 635 3519 η
669 3461 738 3570 5548.
751 3459 811 3522 ss.]:
830 3457 921 3508 ἐκεινονὶ
930 3456 977 3521 γδρ
986 3457 1029 3508 τδν
1037 3457 1166 3520 λοφοποιδν
1176 3459 1224 3521 οὐχ

72 3527 184 3592 ὀφείλων
194 3529 229 3588 τηῖ
240 3525 343 3588 δημοσίῳ
360 3522 505 3589 ἐκκλησιάζῃ
520 3525 536 3583 a
554 3521 635 3588 δικάζῃ
682 3525 724 3587 ρᾷς
739 3521 743 3588 Ι
757 3523 863 3571 τ1λλονθ
876 3521 974 3581 δοντύν,
992 3523 1005 3570 δ
1021 3521 1047 3574 δέ
1066 3522 1105 3572 nal
1115 3523 1159 3572 τὰς
1169 3540 1223 3584 σμι·

67 3603 167 3646 κ.τ.λ.
214 3591 335 3640 Ceterum
354 3589 440 3653 Argivi
459 3596 591 3652 potuerunt
611 3597 636 3636 et
669 3587 725 3637 νύιιε
743 3585 833 3652 eorda}
848 3583 1024 3650 τέτοιρδενάρτι
1037 3587 1081 3636 τοῦ
1097 3587 1224 3650 ξιφουργοῦ

72 3657 143 3721 apud
165 3655 362 3704 Lacedaemonios
381 3662 406 3702 et
422 3653 487 3716 apud
500 3652 636 3700 Athenien·
670 3651 762 3702 κεινοιύ.
780 3652 797 3698 i.
808 3667 831 3698 e.
848 3649 866 3676 “
877 3651 945 3700 Illum
957 3653 1021 3700 eninr
1031 3653 1156 3699 cristarum
1172 3651 1221 3700 iac·

71 3737 114 3770 ses
138 3719 262 3784 stipendia
283 3719 375 3782 mereri,
397 3718 454 3780 quia
474 3716 582 3779 utrisque
605 3731 637 3764 ex
670 3724 744 3764 torem
760 3731 809 3763 non
825 3713 893 3762 vldes
906 3717 936 3763 Se
954 3715 1034 3778 ipsum
1054 3715 1222 3764 vellicantem:

71 3785 265 3912 etthi?
279 3779 637 3906 :rettulitretiulit
669 3777 1015 3892 {lihttthlighssiitl
1032 3777 1224 3902 hetthim:

72 3911 231 3968 λοποννήσιοι
246 3866 400 3972 &volturis
415 3909 459 3958 τοῦ
479 3908 562 3968 ἰσθμοῦ
579 3907 638 3956 πάν-
671 3914 716 3956 est.
759 3907 989 3968 Possetetiauquis
998 3921 1048 3954 non
1057 3905 1224 3966 inepte-inter·

71 3997 125 4034 τες,
138 3976 205 4033 πλὴν
214 3976 331 4039 Ἀργείων
341 3973 382 4024 καὶ
390 3975 500 4034 Ἀχαιῶν·
515 3971 609 4022 τούτοις
619 3973 639 4021 δ’
672 3970 960 4034 φιειονίοὶἔχοντοιτοῦ
979 3968 1049 4032 ξύλου
1065 3967 1223 4028 magistratus,
1316 3995 1319 3999 -

73 4045 99 4092 ἐι
118 4039 266 4105 ἀμφοτέρους
282 4037 352 4102 φιλία
369 4035 407 4096 ἤν.
438 4037 561 4086 Ettib.v.
574 4036 640 4100 [28]
673 4037 713 4097 qui
735 4051 830 4082 manum
852 4037 975 4082 admovent
996 4030 1155 4096 gubernaculo
1177 4030 1225 4089 rei-

73 4107 101 4156 ol
109 4124 140 4156 τε
150 4109 254 4168 Ἀμγειοι
264 4101 352 4166 ’ἄριστα
362 4101 498 4164 ἐσχοντοΐς
514 4103 595 4160 πᾶσιν,
613 4101 640 4150 οὐ
673 4099 775 4161 publicae
786 4116 792 4146 ι
810 4115 867 4146 nam
884 4105 908 4145 et
922 4097 1003 4146 todem
1013 4095 1127 4157 loquendi
1138 4109 1225 4156 genere

70 4169 232 4234 ,ξυναράμενοι
247 4171 293 4216 τοῦ
310 4165 421 4216 Ἀττικοῦ
431 4165 547 4229 πολέμου,
565 4165 639 4228 ἄμφο-
673 4164 748 4210 utitur
762 4163 824 4210 infra
842 4164 867 4210 in
888 4161 984 4225 Lysistr.
995 4163 1065 4208 art:
1082 4157 1119 4208 ris
1134 4156 1226 4220 ξολλά·

74 4235 154 4299 τέροιι
174 4233 201 4287 δέ
217 4235 317 4301 μᾶλλον
332 4231 455 4283 ἔνσπονδοι
471 4231 546 4288 ύντεε,
558 4231 640 4294 ἐκκορ·
666 4223 735 4284 Ιβοινἱ
746 4227 827 4276 δντοῦ
842 4226 914 4286 ξύλου
931 4229 976 4274 τῶν
994 4225 1020 4272 ἐν
1038 4219 1226 4298 Σάμῳιοτμιιτη·

76 4297 219 4362 ποιούμενοι.
230 4300 320 4349 Bane.
674 4295 731 4352 γῶν,
752 4291 769 4340 i.
782 4307 805 4338 e.
823 4292 877 4354 qais
893 4305 985 4338 mamm
999 4287 1227 4350 odmooeistgubcr·

109 4369 168 4418 476.
186 4359 368 4416 Lacedaemonii
379 4357 418 4420 (ut
426 4359 460 4407 ait
468 4341 581 4424 princeps
591 4357 641 4406 bis·
668 4352 776 4423 ,namht
798 4355 846 4417 vei,
868 4349 1153 4416 quisasgotioccpesset?
1181 4347 1230 4422 Sed

76 4429 165 4502 vtuticus,
180 4425 313 4507 Olerinus)
331 4425 438 4490 animum
453 4423 485 4478 ad
498 4423 566 4492 paolo
577 4437 641 4476 aruo-
675 4419 741 4490 prior
747 4419 910 4486 interpretatio
921 4425 958 4501 est
966 4415 1098 4498 simplieior
1109 4421 1140 4482 *et
1154 4427 1230 4480 pragu
