2904 4908
75 449 117 514 v.
132 449 291 537 credre-J
523 407 793 530 recurreno.
830 447 832 452 '
938 449 944 460 '
1157 473 1214 539 ιιι

73 613 129 664 ruit
143 616 170 665 iu
188 631 274 684 magua
290 619 334 671 illa
350 621 426 672 clarae
444 621 531 672 Xerxia
550 631 633 674 contra
664 621 787 672 Welclreri
805 621 911 671 libellum
933 617 964 670 de
984 619 1109 686 Sapphone
1129 638 1155 690 p.
1174 629 1224 677 2³.

76 679 186 739 (ἔπεσσι,
206 692 232 731 et
265 686 301 734 'ue
320 687 430 736 virtutem
447 687 573 737 admiratus
594 697 633 738 err
665 689 748 736 Drrro.
775 685 881 750 ιιάποχσν
895 685 966 748 γονή.
996 687 1044 735 Pro
1062 689 1101 738 rel
1118 687 1215 755 hoxae,

76 744 181 795 Xerxes.
198 749 230 797 V·
266 753 358 802 erodet.
376 753 461 801 Burro.
665 769 713 817 quo
730 755 824 801 nomine
843 751 992 814 intelligitur,
1009 751 1051 816 qui
1065 753 1161 802 tirmiter
1178 753 1216 802 iu-

111 813 169 860 676.
185 811 302 878 διαγράψαι
322 816 378 867 τοὺς
393 814 491 868 άπάαι.
534 817 565 866 Id
588 817 632 876 eat,
665 817 732 865 vehit
742 833 812 880 equo.
844 817 890 865 Sed
909 817 1015 881 suspicor
1025 817 1127 866 alludere
1144 821 1216 867 cuml-
1252 825 1271 881 l,

74 873 216 936 improbabo
226 889 251 926 et
262 897 394 946 expungam
404 889 428 931 et
438 882 532 931 delebo.
563 881 632 932 Dici·
666 879 1045 942 ιιιιιιοάάχείανιείσυνσοσίον.
1071 881 1218 946 Νιιαδχεά·

73 941 203 988 aureliam
217 945 368 1008 περιγράφειν
380 946 407 994 iu
417 946 494 1002 lrerra,
512 961 560 1010 qua
576 948 633 995 rari·
667 959 701 994 ειν
711 946 783 994 etiam
793 956 830 994 eet
840 948 922 1002 βινεῖν,
940 947 1003 994 uude
1022 945 1064 994 illa
1074 945 1145 1004 ἔσθιε,
1160 949 1216 1012 πῖν’,

77 1016 128 1050 oure
146 1003 207 1054 dixit
217 1009 255 1058 M.
266 1011 359 1058 Tullius
376 1011 564 1059 circumscribere
583 1027 633 1060 ma·
667 1010 746 1070 δχεοε.
784 1010 879 1074 llquum
897 1018 976 1057 autern
996 1025 1039 1072 per
1054 1015 1217 1076 metaphoram

77 1069 212 1132 gienatum.
232 1073 274 1120 Fu.
282 1076 350 1124 cur.
367 1076 429 1123 Mra.
439 1075 470 1123 ad
481 1091 571 1124 ιειιιιιιιι
583 1091 633 1124 me·
663 1076 698 1122 ad
706 1076 810 1124 obscena
820 1075 930 1122 tralatum
939 1075 1064 1122 terrebitur
1072 1076 1114 1123 ille
1127 1092 1217 1144 remur,

76 1133 128 1180 lius
141 1135 288 1200 ’διαγράψαι
312 1141 404 1204 pendet
424 1141 489 1188 enim
510 1156 524 1188 e
546 1156 634 1204 praece·
668 1140 786 1190 Hectoreo
797 1141 886 1203 querire
896 1141 988 1190 rederet
1001 1153 1063 1188 exer
1078 1155 1142 1204 eque.
1175 1141 1217 1190 Sa·

78 1197 150 1245 denti
166 1201 348 1266 ἐπιχειρήσουσι.
380 1204 449 1252 Dicit
466 1203 577 1252 nimirum
594 1221 634 1254 co·
667 1217 698 1251 ne
711 1204 907 1268 Hesych.exeo,
922 1203 1218 1268 utopinor,moeehuaro·

77 1261 168 1320 micus,
183 1267 206 1313 ai
225 1271 256 1316 ud
271 1269 378 1318 stadium
396 1269 635 1332 eruerertonimrm
668 1278 707 1318 cat
717 1269 851 1331 φιλίππσοι.
869 1268 913 1315 Fu.
924 1268 992 1316 Cura.

77 1331 241 1380 momatur
250 1333 360 1396 semim,
379 1333 524 1382 coaulratrrr
537 1349 636 1396 ρκοιιιιι
700 1337 757 1382 678.
774 1333 832 1382 κοδκ
842 1331 994 1382 δνσπολίσδαι
1004 1331 1139 1396 κρίχοποι.
1155 1333 1218 1385 Puto

77 1392 175 1443 eloim
192 1396 251 1445 aliea
274 1398 370 1462 equitet·
411 1397 535 1446 Obsceuur
555 1407 635 1448 tamen
667 1396 796 1462 legendum
805 1397 955 1446 διναπολεῖδαι
966 1405 992 1446 et
1002 1397 1155 1460 interpretorr
1169 1415 1218 1448 nou

78 1456 157 1505 etiam
174 1474 257 1510 renam
274 1463 300 1510 iu
322 1463 357 1509 hie
370 1461 447 1510 verbis
463 1463 528 1511 latet.
554 1463 636 1513 Kuar.
668 1469 773 1510 vereatur
783 1471 916 1511 currentem
933 1477 1003 1525 equo.
1036 1461 1084 1510 Sed
1095 1463 1152 1526 quid
1169 1465 1219 1512 dia·

80 1519 142 1570 Non
152 1521 223 1572 video
239 1541 309 1592 quare
320 1525 391 1576 Kust.
409 1525 535 1590 διαγράψαι
548 1536 636 1590 praetu-
668 1526 785 1584 rimulam,
795 1527 836 1575 hic
845 1527 955 1574 mihinec
967 1527 1045 1574 locere
1056 1542 1101 1576 nec
1110 1529 1218 1590 liquere?

82 1585 148 1636 ierit.
175 1588 485 1654 Potestquidemeetueri,
497 1599 635 1641 nontamen
669 1590 790 1654 Exspecto
810 1591 886 1638 donec
908 1606 945 1638 rue
966 1591 1084 1640 labantem
1108 1601 1174 1655 regat
1194 1600 1221 1641 et

79 1649 119 1713 id,
136 1653 201 1716 qood
211 1654 252 1703 ille
267 1656 351 1713 voluit,
368 1655 636 1722 eedmeubintelligi-
669 1656 777 1704 sublevet
793 1656 885 1704 felicius
898 1656 1028 1719 ingenium.
1062 1656 1126 1720 Lego
1141 1665 1220 1706 autern

81 1723 130 1762 tur.
147 1715 237 1765 Rarax.
259 1719 386 1785 διαγράψο.
425 1721 463 1768 Ita
482 1721 520 1768 ed.
539 1721 592 1769 Fer.
612 1729 637 1770 et
669 1719 751 1784 ἔγραψ’
760 1721 796 1783 ἐφ’
806 1721 890 1776 ίππιον,
902 1735 951 1767 non
963 1718 1071 1784 ἔγραψεν,
1085 1730 1110 1768 ut
1121 1729 1219 1769 metrum

80 1781 157 1841 alian
181 1783 206 1830 iu
225 1784 297 1834 Kuer.
313 1787 352 1833 ed.
370 1785 501 1848 διαγράψαι,
524 1785 588 1848 quod
603 1787 637 1834 vir
669 1783 960 1834 semelenentium
999 1785 1086 1848 Neque
1104 1801 1220 1848 gramma·

81 1845 116 1890 cl.
126 1846 152 1892 irr
161 1847 223 1895 Mea.
235 1866 260 1897 se
269 1850 388 1898 inveniere
405 1851 472 1899 dicit.
505 1851 551 1898 Sed
562 1851 637 1899 malui
669 1850 717 1897 tice
727 1865 806 1913 neque
817 1849 895 1911 quoad
905 1863 998 1896 aeneum
1009 1849 1088 1904 video,
1105 1850 1163 1912 quid
1174 1851 1220 1899 eibi

80 1909 189 1958 retinere
200 1913 298 1962 alteram
309 1916 449 1975 lectionem
459 1930 513 1962 naui
524 1924 549 1962 et
558 1916 636 1963 Sclrol.
668 1915 727 1962 velit
742 1913 916 1970 δναπολεῖσδαι,
931 1927 1014 1978 'neque
1040 1925 1115 1961 metro
1134 1930 1220 1963 conve·

81 1973 110 2020 in
126 1974 206 2023 futuro
224 1979 347 2028 indicativi
365 1982 462 2042 legerat,
480 1980 521 2042 qui
537 1980 638 2044 exponit
668 1978 712 2026 nit.
729 1979 819 2026 Rurea.
852 1978 896 2026 Ed.
913 1978 967 2026 Far.
986 1978 1044 2027 κούκ
1061 1978 1221 2029 ἀνακαλεῖται.

81 2043 334 2166 :tlttdlltlrzf
345 2042 637 2170 ‘littam
669 2043 1222 2170 liltttlltleiltlllilleilletl

82 2167 132 2215 Eat
152 2179 232 2219 eutem
251 2128 399 2238 metaphorri,
424 2181 451 2221 ut
470 2173 534 2221 idem
555 2173 637 2222 Schol.
669 2171 747 2221 locum
757 2189 806 2219 non
822 2174 901 2220 habet.
935 2171 1056 2235 Egoverti
1073 2172 1140 2235 queri
1156 2174 1222 2236 lege·

83 2233 155 2288 dicit,
171 2251 186 2282 a
201 2237 431 2296 litigantium-nam
447 2236 585 2302 διαγράφειν
605 2238 637 2288 δί-
671 2245 735 2284 retur
751 2238 808 2286 κοίικ
823 2238 989 2294 δινδπολΐπιιι.
1005 2238 1089 2284 Burro.
1112 2237 1170 2286 κοίικ
1191 2239 1222 2287 δν

84 2303 319 2355 κηνεειιικιιὶδίίσισ
335 2303 412 2352 dicem
430 2303 501 2351 alicui
520 2305 637 2366 rcrlptum.
672 2299 794 2351 ἀπολίσθοι
819 2301 956 2365 πρέχονποι.
999 2302 1038 2350 Sic
1059 2301 1170 2350 distincte
1197 2309 1223 2351 et

83 2361 155 2409 Nub·
175 2369 232 2414 775.
258 2365 449 2418 πενπετιίλιινποι
469 2367 640 2429 διαγέγραπταί
671 2367 796 2430 perspicue
808 2365 846 2414 Au
866 2399 872 2414 .
890 2375 915 2414 et
927 2367 957 2415 Β.
968 2381 1020 2430 quae
1031 2365 1132 2428 genuina
1151 2367 1225 2415 lectio

83 2445 126 2487 ρισι
145 2426 204 2486 δίκη.
221 2431 305 2480 Bene.
332 2432 363 2482 V.
379 2433 478 2480 Ruhnk.
493 2433 596 2481 adTim.
614 2447 639 2496 p.
673 2440 719 2494 eet,
736 2431 835 2480 cuilibet
845 2383 931 2480 graece
948 2433 1032 2479 retenti
1043 2431 1124 2478 atatim
1140 2445 1164 2479 aa
1180 2447 1223 2494 ap-

84 2497 128 2539 82.
145 2493 265 2558 διαγράφει
274 2496 329 2546 rolr
348 2497 439 2546 lnior.
471 2497 510 2546 Sic
524 2498 554 2546 ad
571 2497 641 2546 merri
672 2499 782 2559 probans.
814 2496 905 2544 Misere
923 2498 1050 2558 depravata
1066 2495 1138 2543 suita
1153 2496 1223 2543 libra-

84 2571 192 2605 normam
216 2561 341 2626 scripserat
366 2571 438 2626 poeta
465 2561 541 2625 [quod
568 2562 641 2610 etium
672 2561 713 2610 riis
724 2571 748 2608 et
758 2561 814 2608 edd.
845 2561 875 2608 In
887 2557 1224 2623 Λ.κοίικδ.νάπολέσδαιπρά-

85 2621 163 2670 Benr.
183 2624 260 2688 vidit].
304 2625 367 2673 Edd.
387 2641 467 2674 ornnes
494 2636 549 2674 ente
568 2627 643 2675 Kuet.
673 2642 719 2687 χον
740 2641 778 2686 γε.
812 2625 842 2672 Iu
853 2625 920 2676 Junt.
932 2636 956 2672 et
967 2633 1065 2688 utraque
1080 2625 1154 2672 Besil.
1166 2625 1225 2674 κοδιι

85 2685 215 2751 διαγράψο,
233 2690 296 2738 haud
312 2691 407 2754 quidem
425 2699 571 2755 repugnante
588 2707 641 2740 een·
674 2688 972 2754 άνιιπολίσθαιπρέχονποε.
998 2688 1059 2736 Due
1070 2688 1226 2738 Venetrrulrr

86 2753 172 2808 tentia,
192 2756 233 2802 aed
246 2771 300 2804 cum
311 2772 390 2814 verane
400 2757 464 2817 labe,
481 2759 543 2820 quud
563 2757 601 2803 illi
612 2771 642 2804 ne
674 2755 834 2805 ἀνακαλεῖται.
863 2755 967 2802 Peeeime
988 2753 1093 2801 omniurn
1112 2751 1167 2802 edd.
1191 2770 1227 2802 re·

87 2816 189 2878 quidem
207 2821 318 2868 euboluit.
362 2820 509 2878 Quumrero
528 2820 643 2870 iuCudd.
674 2819 872 2870 centioree'rrolrrr
889 2819 1063 2868 δνοπολεῖσδαι.
1103 2817 1174 2866 Nihil
1194 2819 1225 2867 ad

86 2882 264 2932 mendosiorem
294 2885 370 2934 adhuc
400 2887 544 2949 scripturum,
572 2900 643 2950 quam
674 2885 827 2934 hunclocurn
838 2885 926 2944 Kost.;
943 2882 1227 2947 pauca,sedineptarro-

85 2945 297 3008 punieruntetiarn
314 2952 361 2997 duo
374 2949 438 3012 Reg.
448 2951 584 3013 reperisset,
594 2953 642 3000 διο.
675 2951 733 2996 tarit
751 2950 839 3012 Berg.;
869 2951 970 2996 tentavit
986 2964 1049 3011 eum,
1065 2949 1107 2996 aed
1124 2947 1227 2996 infelici·
1315 2967 1320 2976 ·

86 3007 187 3073 γράψαι,
203 3013 264 3062 ictuc
286 3013 393 3076 erripuit,
414 3029 587 3090 perperamque
605 3015 642 3063 in·
675 3020 720 3071 ter,
737 3014 826 3078 Taylor
843 3014 910 3062 Lect.
930 3014 984 3078 Lya.
1005 3004 1028 3076 ρ’).
1046 3017 1101 3062 686.
1134 3012 1228 3062 Genui·

86 3083 234 3138 terpretatur
245 3086 289 3127 ert.
321 3079 406 3127 Reielr.
426 3096 468 3144 qur
484 3079 562 3127 miuus
573 3081 642 3128 etiarn
675 3093 731 3126 nam
748 3079 876 3126 lectionem
894 3078 958 3126 solue
974 3077 1112 3140 conjectura
1127 3080 1227 3126 adsecu-

87 3153 161 3200 quaru
179 3141 327 3206 Strepsiadee
343 3152 416 3192 metra
433 3145 539 3200 curabat,
559 3145 644 3192 saltem
676 3149 715 3191 tue
737 3152 775 3190 est
795 3141 894 3190 Dawes.
911 3141 984 3189 Miec.
1000 3142 1060 3190 Crit.
1078 3157 1103 3204 p.
1121 3145 1177 3191 639.
1198 3143 1229 3192 δν

87 3203 216 3269 διαγράψαι
230 3209 299 3264 illud,
316 3210 471 3272 quodtamen
489 3205 642 3272 praedroppri·
677 3206 807 3257 ἀπολίσθοι.
847 3207 888 3254 11Ιί
911 3223 973 3256 καοκ
992 3206 1029 3252 rel
1055 3206 1121 3254 κιιοδ
1139 3205 1228 3255 condo·

88 3272 188 3330 perron
198 3272 266 3320 flocci
276 3273 385 3328 iaciebat,
396 3278 425 3320 arl
437 3289 533 3321 aeneum
542 3290 591 3321 non
601 3273 643 3321 ad·
677 3271 836 3320 nandumeet.
853 3271 974 3319 Bnuucr.
1008 3269 1110 3334 Legedr
1126 3269 1226 3320 άπολισ-

88 3335 189 3381 modum
204 3337 388 3400 improbabiliter
406 3339 543 3402 explicarit,
562 3339 644 3386 aubin·
678 3338 714 3385 θ’.
724 3335 1041 3386 Μι.δνδπσλίσθιιι.Βοιιτ.
1058 3334 1228 3384 SicMe.Trirr.

89 3399 221 3462 telligendo
238 3401 293 3466 χρή.
325 3402 485 3465 Praeterquam
501 3404 565 3466 quud
586 3417 644 3467 prte—
706 3418 766 3450 oea.
786 3401 844 3450 κούκ
859 3401 1025 3450 ἀνακαλεῖσθαι
1035 3399 1072 3446 cd.
1084 3399 1155 3447 Kuet.
1171 3401 1228 3449 roim

89 3478 149 3510 eene
158 3472 252 3528 tempus
268 3467 306 3515 hic
317 3471 412 3514 omnino
423 3467 521 3531 requirit
538 3469 579 3516 lex
594 3483 645 3515 me·
678 3465 838 3516 άπιλισδαίνει
848 3465 936 3530 Teplor
943 3465 1012 3512 Lect.
1022 3464 1116 3528 Lysiae.
1125 3479 1150 3528 p.
1160 3469 1218 3514 686.

88 3528 287 3584 tri,ineeetienr
298 3539 335 3579 eet
345 3531 458 3594 quiddam
468 3533 572 3594 elegans.
598 3531 645 3580 Te·
710 3535 767 3582 679.
785 3530 872 3580 Μίκων.
889 3531 969 3578 Schol.
988 3529 1047 3576 dicit
1062 3530 1124 3577 hunc
1139 3530 1229 3592 lnpor-

88 3601 155 3640 rent.
173 3593 274 3643 Ennii.
294 3600 318 3645 a.
353 3597 393 3644 ¹0
413 3595 499 3644 faeiem
509 3595 643 3660 pulchram!
679 3595 737 3652 rico,
755 3611 807 3659 quae
829 3594 928 3654 Ποικίλη
945 3594 1075 3649 dicebatur,
1091 3593 1229 3658 depinxisse

90 3656 163 3705 deleo
174 3672 257 3708 omnes
268 3659 353 3709 delrinc
371 3677 402 3708 ex
421 3662 500 3708 animo
517 3660 645 3710 mulieres!
678 3675 783 3724 pugnarn
792 3661 948 3709 Amazonum.
981 3658 1140 3707 Bieet.etiam
1156 3673 1230 3708 anno·

88 3719 213 3771 Brruucr.
241 3724 365 3788 διαγράψαι
381 3725 452 3774 Kuet.
470 3740 500 3774 ex
518 3723 580 3776 Mae.
597 3727 645 3775 δια·
678 3734 715 3773 tut
726 3725 866 3773 mentionem
879 3725 929 3772 fieri
942 3725 1013 3788 hujus
1024 3723 1127 3771 Miconis
1135 3731 1160 3770 et
1169 3739 1230 3786 pug-

89 3783 211 3851 γράψομαι
227 3789 305 3838 Schol.
336 3790 402 3853 Lege
418 3789 562 3854 διαγράφειν,
578 3792 646 3856 cujus
679 3805 716 3836 ne
727 3789 873 3837 Amazonum
885 3805 939 3838 curn
949 3787 1143 3844 Atheniensibu,
1161 3787 1231 3836 abeo

90 3851 160 3898 verbi
177 3869 274 3901 unarum
285 3860 340 3918 pete
352 3869 383 3902 ex
393 3854 492 3905 Ruhnk.
504 3857 534 3902 ad
548 3855 610 3903 Tim.
622 3871 645 3918 p.
680 3855 758 3916 pictae,
771 3855 834 3918 apud
846 3854 985 3902 Pausaniam
996 3853 1022 3900 iu
1033 3851 1128 3898 Atticis.
1147 3851 1232 3898 Banu.

90 3919 133 3963 ⁵9.
152 3919 193 3980 qui
215 3927 294 3968 tamen
318 3919 381 3967 mule
406 3920 464 3968 citat
493 3921 518 3970 δι
544 3918 646 3979 inuria.
679 3918 762 3983 ἔγραψ’
773 3919 878 3968 FLChr.
894 3919 974 3967 Porta.
1002 3915 1029 3965 δι
1048 3916 1127 3964 Μίκρον
1147 3914 1176 3976 ἔγ

89 3979 172 4028 Porta.
577 4031 579 4036 ,
680 3984 717 4046 ἐφ’
734 3983 819 4033 inor.
860 3983 948 4046 Volgo,
974 3990 1049 4038 metro
1076 3980 1231 4045 reclamante,

14 4075 29 4096 ..
126 4048 185 4095 677.
200 4046 366 4099 ίπιιιάπαπον.
397 4049 504 4098 Ieterin
519 4049 559 4098 hia
568 4048 646 4098 verbis
680 4047 790 4112 ἔγραψεν.
823 4047 936 4096 facetum
954 4045 1086 4094 inmodurn
1103 4043 1231 4107 depravere

90 4123 176 4157 untur
186 4111 313 4170 οδιεοιιιισ,
326 4125 351 4161 ιιι
360 4122 386 4161 et
397 4114 469 4163 Kuet.
479 4115 548 4163 vidit.
575 4115 645 4163 V.ad
680 4123 717 4162 eat
732 4113 848 4176 scriptura
856 4112 962 4160 binorum
974 4109 1037 4172 aeg.
1050 4107 1138 4171 ἔγραψε
1149 4107 1230 4172 φιλίπ·

89 4178 134 4223 21.
150 4173 237 4224 Bcae.
270 4177 393 4228 Alluditur
408 4181 439 4228 ad
458 4180 527 4228 illurn
538 4177 646 4244 Ἀφροδί·
679 4195 724 4240 πᾳ,
740 4177 781 4225 ubi
792 4186 870 4226 tamen
881 4177 941 4224 latet
950 4174 1077 4238 vestigium
1087 4181 1136 4221 vet.
1149 4174 1231 4223 lectio·

89 4255 137 4297 σηι
146 4237 242 4303 πράσον,
260 4243 291 4290 de
308 4259 356 4308 quo
371 4259 444 4307 rupra
458 4245 521 4293 adr.
532 4247 573 4294 66.
606 4243 648 4292 At
679 4243 938 4308 ιιίσκγραψεφιππιιν.
963 4237 1067 4287 Miconis
1080 4238 1171 4302 pictura
1180 4247 1236 4300 erat

88 4303 224 4366 pendulam
243 4305 310 4354 illurn
331 4309 461 4369 Venerem,
482 4310 548 4374 cujus
569 4308 648 4358 irrrctu
679 4305 705 4355 in
716 4307 816 4370 porticu,
830 4307 868 4355 cui
879 4320 964 4353 nornen
974 4302 1083 4360 Ποικίλη.
1101 4318 1172 4367 quarn
1188 4305 1231 4352 de-

90 4368 274 4418 delectalrantur
288 4371 360 4422 etium
375 4374 487 4420 mulieres
499 4373 603 4422 tribades
614 4374 648 4420 alo
682 4373 762 4422 scribit
780 4371 870 4420 Meure.
888 4369 946 4418 Aru.
958 4368 1010 4418 Art.
1028 4385 1053 4432 p.
1064 4373 1104 4418 26.
1136 4367 1165 4416 Iu
1184 4369 1231 4416 fine

91 4432 169 4480 ternis
180 4435 395 4500 conmendantes,
403 4445 512 4500 spectant
522 4437 648 4501 Asclepia-
682 4453 762 4486 versus
781 4431 1053 4500 irdpdorr'ecribeudum
1074 4435 1104 4482 ob
1125 4434 1231 4480 vocalem

91 4496 132 4546 dia
143 4498 321 4564 Epigrammata
330 4503 394 4552 xrir.
406 4517 463 4552 xxa.
479 4502 599 4552 Bauxcr.
616 4503 649 4551 V.
680 4501 749 4551 initio
764 4502 886 4566 sequentis
902 4515 992 4557 versus,
1008 4507 1034 4549 et
1049 4499 1083 4548 uic
1101 4505 1137 4548 est
1157 4499 1182 4550 in
1199 4498 1231 4546 Δ.
