<?xml version="1.0" encoding="UTF-8"?>
<!DOCTYPE html PUBLIC "-//W3C//DTD XHTML 1.0 Transitional//EN"
    "http://www.w3.org/TR/xhtml1/DTD/xhtml1-transitional.dtd">
<html xmlns="http://www.w3.org/1999/xhtml" xml:lang="en" lang="en">
 <head>
  <title>
</title>
<meta http-equiv="Content-Type" content="text/html;charset=utf-8" />
  <meta name='ocr-system' content='tesseract 3.04.00' />
  <meta name='ocr-capabilities' content='ocr_page ocr_carea ocr_par ocr_line ocrx_word'/>
</head>
<body>
  <div class='ocr_page' id='page_1' title='image "./notinaristophan00brungoog_0064.png"; bbox 0 0 2914 4904; ppageno 0'>
   <div class='ocr_carea' id='block_1_1' title="bbox 217 369 1361 492">
    <p class='ocr_par' dir='ltr' id='par_1_1' title="bbox 217 369 1361 492">
     <span class='ocr_line' id='line_1_1' title="bbox 217 369 1361 492; baseline -0.003 -33"><span class='ocrx_word' id='word_1_1' title='bbox 217 405 255 460; x_wconf 75' lang='lat' dir='ltr'>ss</span> <span class='ocrx_word' id='word_1_2' title='bbox 495 369 619 461; x_wconf 73' lang='lat' dir='ltr'>&#39;nors</span> <span class='ocrx_word' id='word_1_3' title='bbox 640 401 682 459; x_wconf 77' lang='lat' dir='ltr'>rs</span> <span class='ocrx_word' id='word_1_4' title='bbox 705 387 1040 458; x_wconf 74' lang='lat' dir='ltr'>imsrorrrnnsu.</span> <span class='ocrx_word' id='word_1_5' title='bbox 1139 394 1361 492; x_wconf 55' lang='lat' dir='ltr'>[vens-eres</span> 
     </span>
    </p>
   </div>
   <div class='ocr_carea' id='block_1_2' title="bbox 201 554 1365 622">
    <p class='ocr_par' dir='ltr' id='par_1_2' title="bbox 201 554 1365 622">
     <span class='ocr_line' id='line_1_2' title="bbox 201 554 1365 622; baseline -0.004 -15"><span class='ocrx_word' id='word_1_6' title='bbox 201 559 292 618; x_wconf 67' lang='grc' dir='ltr'><strong><em>’γενιῒς</em></strong></span> <span class='ocrx_word' id='word_1_7' title='bbox 301 563 326 606; x_wconf 87' lang='lat' dir='ltr'>et</span> <span class='ocrx_word' id='word_1_8' title='bbox 334 559 492 621; x_wconf 64' lang='lat' dir='ltr'>oportuniores</span> <span class='ocrx_word' id='word_1_9' title='bbox 501 559 572 622; x_wconf 75' lang='grc' dir='ltr'><strong><em>ηόνει.</em></strong></span> <span class='ocrx_word' id='word_1_10' title='bbox 589 559 674 607; x_wconf 75' lang='lat' dir='ltr'>Belin.</span> <span class='ocrx_word' id='word_1_11' title='bbox 708 557 764 606; x_wconf 85' lang='lat' dir='ltr'>Non</span> <span class='ocrx_word' id='word_1_12' title='bbox 797 555 877 602; x_wconf 88' lang='lat' dir='ltr'>Plaut.</span> <span class='ocrx_word' id='word_1_13' title='bbox 886 557 955 605; x_wconf 76' lang='grc'><strong>1.]3.</strong></span> <span class='ocrx_word' id='word_1_14' title='bbox 971 561 1032 605; x_wconf 80' lang='lat' dir='ltr'>extr.</span> <span class='ocrx_word' id='word_1_15' title='bbox 1052 554 1125 618; x_wconf 73' lang='grc' dir='ltr'><strong><em>κράδη</em></strong></span> <span class='ocrx_word' id='word_1_16' title='bbox 1139 561 1178 602; x_wconf 86' lang='lat' dir='ltr'>est</span> <span class='ocrx_word' id='word_1_17' title='bbox 1193 569 1294 604; x_wconf 73' lang='lat' dir='ltr'>venoce</span> <span class='ocrx_word' id='word_1_18' title='bbox 1313 571 1365 602; x_wconf 82' lang='lat' dir='ltr'>no-</span> 
     </span>
    </p>
   </div>
   <div class='ocr_carea' id='block_1_3' title="bbox 215 620 1456 686">
    <p class='ocr_par' dir='ltr' id='par_1_3' title="bbox 215 620 1456 686">
     <span class='ocr_line' id='line_1_3' title="bbox 215 620 1456 686; baseline -0.002 -18"><span class='ocrx_word' id='word_1_19' title='bbox 215 622 267 670; x_wconf 90' lang='lat' dir='ltr'>sine</span> <span class='ocrx_word' id='word_1_20' title='bbox 279 623 393 686; x_wconf 79' lang='lat' dir='ltr'>singulari</span> <span class='ocrx_word' id='word_1_21' title='bbox 403 625 425 669; x_wconf 88' lang='lat' dir='ltr'>vi</span> <span class='ocrx_word' id='word_1_22' title='bbox 436 625 488 671; x_wconf 83' lang='lat' dir='ltr'>lraec</span> <span class='ocrx_word' id='word_1_23' title='bbox 498 623 593 686; x_wconf 87' lang='lat' dir='ltr'>adjecta</span> <span class='ocrx_word' id='word_1_24' title='bbox 605 629 669 680; x_wconf 82' lang='lat' dir='ltr'>sunt,</span> <span class='ocrx_word' id='word_1_25' title='bbox 685 621 766 671; x_wconf 79' lang='grc' dir='ltr'><strong><em>πολλά</em></strong></span> <span class='ocrx_word' id='word_1_26' title='bbox 799 621 866 683; x_wconf 87' lang='lat' dir='ltr'>dosa,</span> <span class='ocrx_word' id='word_1_27' title='bbox 888 635 941 684; x_wconf 79' lang='lat' dir='ltr'>quse</span> <span class='ocrx_word' id='word_1_28' title='bbox 962 621 988 668; x_wconf 88' lang='lat' dir='ltr'>in</span> <span class='ocrx_word' id='word_1_29' title='bbox 1006 621 1059 668; x_wconf 88' lang='lat' dir='ltr'>olea</span> <span class='ocrx_word' id='word_1_30' title='bbox 1079 635 1191 682; x_wconf 85' lang='lat' dir='ltr'>gongrus,</span> <span class='ocrx_word' id='word_1_31' title='bbox 1218 635 1291 681; x_wconf 87' lang='lat' dir='ltr'>quam</span> <span class='ocrx_word' id='word_1_32' title='bbox 1316 620 1362 666; x_wconf 78' lang='lat' dir='ltr'>elii</span> <span class='ocrx_word' id='word_1_33' title='bbox 1455 630 1456 635; x_wconf 74' lang='grc'>’</span> 
     </span>
    </p>
   </div>
   <div class='ocr_carea' id='block_1_4' title="bbox 155 683 1364 1516">
    <p class='ocr_par' dir='ltr' id='par_1_4' title="bbox 215 683 1363 876">
     <span class='ocr_line' id='line_1_4' title="bbox 215 683 1362 746; baseline -0.003 -12"><span class='ocrx_word' id='word_1_34' title='bbox 215 688 241 746; x_wconf 77' lang='grc' dir='ltr'>γ’</span> <span class='ocrx_word' id='word_1_35' title='bbox 257 686 318 746; x_wconf 70' lang='grc' dir='ltr'>ἡμᾶς</span> <span class='ocrx_word' id='word_1_36' title='bbox 335 685 451 736; x_wconf 85' lang='grc' dir='ltr'><strong><em>λανθάνει.</em></strong></span> <span class='ocrx_word' id='word_1_37' title='bbox 489 688 586 736; x_wconf 85' lang='lat' dir='ltr'>Scilicet</span> <span class='ocrx_word' id='word_1_38' title='bbox 602 687 676 733; x_wconf 85' lang='lat' dir='ltr'>muita</span> <span class='ocrx_word' id='word_1_39' title='bbox 692 687 766 734; x_wconf 88' lang='lat' dir='ltr'>inscio</span> <span class='ocrx_word' id='word_1_40' title='bbox 798 683 909 746; x_wconf 77' lang='grc' dir='ltr'><strong><em>πρέμνον,</em></strong></span> <span class='ocrx_word' id='word_1_41' title='bbox 920 684 961 731; x_wconf 82' lang='lat' dir='ltr'>ulii</span> <span class='ocrx_word' id='word_1_42' title='bbox 972 685 1088 743; x_wconf 78' lang='grc' dir='ltr'><strong><em>κροτόνην</em></strong></span> <span class='ocrx_word' id='word_1_43' title='bbox 1097 690 1193 734; x_wconf 81' lang='lat' dir='ltr'>vocent.</span> <span class='ocrx_word' id='word_1_44' title='bbox 1209 684 1291 730; x_wconf 74' lang='lat' dir='ltr'>Etiam</span> <span class='ocrx_word' id='word_1_45' title='bbox 1304 696 1362 730; x_wconf 59' lang='lat' dir='ltr'>ma*</span> 
     </span>
     <span class='ocr_line' id='line_1_5' title="bbox 216 747 1363 814; baseline 0.001 -16"><span class='ocrx_word' id='word_1_46' title='bbox 216 752 306 812; x_wconf 89' lang='lat' dir='ltr'>populo</span> <span class='ocrx_word' id='word_1_47' title='bbox 314 758 362 798; x_wconf 83' lang='lat' dir='ltr'>tum</span> <span class='ocrx_word' id='word_1_48' title='bbox 370 751 531 813; x_wconf 77' lang='lat' dir='ltr'>agebanturin</span> <span class='ocrx_word' id='word_1_49' title='bbox 540 767 565 798; x_wconf 83' lang='lat' dir='ltr'>re</span> <span class='ocrx_word' id='word_1_50' title='bbox 572 750 766 814; x_wconf 80' lang='lat' dir='ltr'>publice.Dsnn.</span> <span class='ocrx_word' id='word_1_51' title='bbox 799 747 869 794; x_wconf 81' lang='lat' dir='ltr'>chine</span> <span class='ocrx_word' id='word_1_52' title='bbox 889 747 997 810; x_wconf 80' lang='lat' dir='ltr'>quaedsm</span> <span class='ocrx_word' id='word_1_53' title='bbox 1018 749 1113 796; x_wconf 83' lang='lat' dir='ltr'>scenica</span> <span class='ocrx_word' id='word_1_54' title='bbox 1129 748 1163 794; x_wconf 83' lang='lat' dir='ltr'>sic</span> <span class='ocrx_word' id='word_1_55' title='bbox 1182 747 1246 794; x_wconf 77' lang='lat' dir='ltr'>dicta</span> <span class='ocrx_word' id='word_1_56' title='bbox 1262 755 1287 795; x_wconf 85' lang='lat' dir='ltr'>et</span> <span class='ocrx_word' id='word_1_57' title='bbox 1309 761 1363 808; x_wconf 78' lang='lat' dir='ltr'>que</span> 
     </span>
     <span class='ocr_line' id='line_1_6' title="bbox 217 811 1361 876; baseline -0.003 -16"><span class='ocrx_word' id='word_1_58' title='bbox 217 813 284 861; x_wconf 85' lang='lat' dir='ltr'>Suid.</span> <span class='ocrx_word' id='word_1_59' title='bbox 294 813 375 863; x_wconf 79' lang='grc' dir='ltr'><strong><em>πολλά</em></strong></span> <span class='ocrx_word' id='word_1_60' title='bbox 383 816 406 876; x_wconf 75' lang='grc' dir='ltr'>γ’</span> <span class='ocrx_word' id='word_1_61' title='bbox 417 815 441 873; x_wconf 79' lang='grc' dir='ltr'>ἦ.</span> <span class='ocrx_word' id='word_1_62' title='bbox 453 819 520 864; x_wconf 83' lang='grc' dir='ltr'><strong><em>λανθ.</em></strong></span> <span class='ocrx_word' id='word_1_63' title='bbox 533 816 611 862; x_wconf 80' lang='lat' dir='ltr'>Pons.</span> <span class='ocrx_word' id='word_1_64' title='bbox 799 812 893 858; x_wconf 85' lang='lat' dir='ltr'>vehitur</span> <span class='ocrx_word' id='word_1_65' title='bbox 902 812 928 858; x_wconf 89' lang='lat' dir='ltr'>in</span> <span class='ocrx_word' id='word_1_66' title='bbox 939 813 1019 860; x_wconf 61' lang='lat' dir='ltr'>serem</span> <span class='ocrx_word' id='word_1_67' title='bbox 1028 812 1120 876; x_wconf 76' lang='lat' dir='ltr'>Trygaei</span> <span class='ocrx_word' id='word_1_68' title='bbox 1130 811 1270 858; x_wconf 82' lang='lat' dir='ltr'>scurabaeus.</span> <span class='ocrx_word' id='word_1_69' title='bbox 1292 813 1361 858; x_wconf 89' lang='lat' dir='ltr'>Eam</span> 
     </span>
    </p>

    <p class='ocr_par' dir='ltr' id='par_1_5' title="bbox 155 875 1364 1516">
     <span class='ocr_line' id='line_1_7' title="bbox 249 875 1363 944; baseline -0.004 -17"><span class='ocrx_word' id='word_1_70' title='bbox 249 882 305 932; x_wconf 73' lang='lat'>602.</span> <span class='ocrx_word' id='word_1_71' title='bbox 322 877 374 944; x_wconf 73' lang='grc' dir='ltr'>κᾷτ’</span> <span class='ocrx_word' id='word_1_72' title='bbox 385 879 463 938; x_wconf 79' lang='grc' dir='ltr'><strong><em>ἐπειδὴ</em></strong></span> <span class='ocrx_word' id='word_1_73' title='bbox 472 906 513 926; x_wconf 89' lang='lat'>-.</span> <span class='ocrx_word' id='word_1_74' title='bbox 526 879 602 925; x_wconf 77' lang='lat' dir='ltr'>Notat</span> <span class='ocrx_word' id='word_1_75' title='bbox 616 879 682 925; x_wconf 84' lang='lat' dir='ltr'>leves</span> <span class='ocrx_word' id='word_1_76' title='bbox 699 893 767 926; x_wconf 84' lang='lat' dir='ltr'>occa·</span> <span class='ocrx_word' id='word_1_77' title='bbox 800 875 934 938; x_wconf 74' lang='lat' dir='ltr'>Hesychius</span> <span class='ocrx_word' id='word_1_78' title='bbox 954 877 1048 924; x_wconf 86' lang='lat' dir='ltr'>ridetur</span> <span class='ocrx_word' id='word_1_79' title='bbox 1067 891 1151 924; x_wconf 79' lang='lat' dir='ltr'>vocare</span> <span class='ocrx_word' id='word_1_80' title='bbox 1172 875 1278 938; x_wconf 75' lang='grc' dir='ltr'><strong><em>όγγιιριν,</em></strong></span> <span class='ocrx_word' id='word_1_81' title='bbox 1310 876 1363 922; x_wconf 82' lang='lat' dir='ltr'>nisi</span> 
     </span>
     <span class='ocr_line' id='line_1_8' title="bbox 217 939 1364 1006; baseline -0.001 -19"><span class='ocrx_word' id='word_1_82' title='bbox 217 941 346 1006; x_wconf 84' lang='lat' dir='ltr'>siunculss,</span> <span class='ocrx_word' id='word_1_83' title='bbox 363 957 422 1004; x_wconf 81' lang='lat' dir='ltr'>quus</span> <span class='ocrx_word' id='word_1_84' title='bbox 440 943 585 1006; x_wconf 76' lang='lat' dir='ltr'><strong>arripiebant</strong></span> <span class='ocrx_word' id='word_1_85' title='bbox 600 941 766 998; x_wconf 77' lang='lat' dir='ltr'>Athenienses,</span> <span class='ocrx_word' id='word_1_86' title='bbox 800 939 895 987; x_wconf 87' lang='lat' dir='ltr'>codices</span> <span class='ocrx_word' id='word_1_87' title='bbox 909 941 1025 988; x_wconf 81' lang='lat' dir='ltr'>mendosi.</span> <span class='ocrx_word' id='word_1_88' title='bbox 1055 940 1119 988; x_wconf 86' lang='lat' dir='ltr'>Nam</span> <span class='ocrx_word' id='word_1_89' title='bbox 1138 953 1220 986; x_wconf 87' lang='lat' dir='ltr'>vocem</span> <span class='ocrx_word' id='word_1_90' title='bbox 1235 941 1318 1000; x_wconf 83' lang='lat' dir='ltr'>illum,</span> <span class='ocrx_word' id='word_1_91' title='bbox 1340 941 1364 986; x_wconf 83' lang='lat' dir='ltr'>ei</span> 
     </span>
     <span class='ocr_line' id='line_1_9' title="bbox 217 1001 1363 1068; baseline 0 -18"><span class='ocrx_word' id='word_1_92' title='bbox 217 1005 346 1055; x_wconf 89' lang='lat' dir='ltr'>utbellum</span> <span class='ocrx_word' id='word_1_93' title='bbox 364 1015 480 1068; x_wconf 78' lang='lat' dir='ltr'><strong>gererent.</strong></span> <span class='ocrx_word' id='word_1_94' title='bbox 512 1008 767 1053; x_wconf 83' lang='lat' dir='ltr'>Miraautemesthn·</span> <span class='ocrx_word' id='word_1_95' title='bbox 799 1001 859 1050; x_wconf 87' lang='lat' dir='ltr'>bene</span> <span class='ocrx_word' id='word_1_96' title='bbox 870 1005 976 1060; x_wconf 85' lang='lat' dir='ltr'>memini,</span> <span class='ocrx_word' id='word_1_97' title='bbox 992 1019 1043 1051; x_wconf 92' lang='lat' dir='ltr'>non</span> <span class='ocrx_word' id='word_1_98' title='bbox 1060 1005 1225 1068; x_wconf 82' lang='lat' dir='ltr'>legi-uspiam.</span> <span class='ocrx_word' id='word_1_99' title='bbox 1258 1004 1326 1060; x_wconf 81' lang='lat' dir='ltr'>Quae</span> <span class='ocrx_word' id='word_1_100' title='bbox 1340 1005 1363 1050; x_wconf 88' lang='lat' dir='ltr'>si</span> 
     </span>
     <span class='ocr_line' id='line_1_10' title="bbox 213 1065 1363 1132; baseline -0.001 -17"><span class='ocrx_word' id='word_1_101' title='bbox 213 1067 253 1131; x_wconf 88' lang='lat' dir='ltr'>jus</span> <span class='ocrx_word' id='word_1_102' title='bbox 268 1071 345 1132; x_wconf 70' lang='lat' dir='ltr'>poetae</span> <span class='ocrx_word' id='word_1_103' title='bbox 360 1071 497 1118; x_wconf 84' lang='lat' dir='ltr'>oeconomie.</span> <span class='ocrx_word' id='word_1_104' title='bbox 528 1069 692 1117; x_wconf 83' lang='lat' dir='ltr'>Nanrcumin</span> <span class='ocrx_word' id='word_1_105' title='bbox 702 1071 767 1132; x_wconf 90' lang='lat' dir='ltr'>prin·</span> <span class='ocrx_word' id='word_1_106' title='bbox 801 1065 861 1114; x_wconf 83' lang='lat' dir='ltr'>bonu</span> <span class='ocrx_word' id='word_1_107' title='bbox 882 1074 919 1115; x_wconf 89' lang='lat' dir='ltr'>eet</span> <span class='ocrx_word' id='word_1_108' title='bbox 941 1076 966 1115; x_wconf 89' lang='lat' dir='ltr'>et</span> <span class='ocrx_word' id='word_1_109' title='bbox 983 1069 1077 1123; x_wconf 79' lang='lat' dir='ltr'>Graecu,</span> <span class='ocrx_word' id='word_1_110' title='bbox 1098 1067 1225 1114; x_wconf 84' lang='lat' dir='ltr'>videndum</span> <span class='ocrx_word' id='word_1_111' title='bbox 1243 1067 1304 1129; x_wconf 91' lang='lat' dir='ltr'>quid</span> <span class='ocrx_word' id='word_1_112' title='bbox 1327 1067 1363 1114; x_wconf 86' lang='lat' dir='ltr'>eit</span> 
     </span>
     <span class='ocr_line' id='line_1_11' title="bbox 216 1131 1363 1196; baseline -0.002 -17"><span class='ocrx_word' id='word_1_113' title='bbox 216 1131 279 1196; x_wconf 86' lang='lat' dir='ltr'>cipio</span> <span class='ocrx_word' id='word_1_114' title='bbox 290 1135 362 1196; x_wconf 85' lang='lat' dir='ltr'>hujus</span> <span class='ocrx_word' id='word_1_115' title='bbox 372 1134 457 1181; x_wconf 78' lang='lat' dir='ltr'>fabulae</span> <span class='ocrx_word' id='word_1_116' title='bbox 467 1135 594 1181; x_wconf 83' lang='lat' dir='ltr'>maximam</span> <span class='ocrx_word' id='word_1_117' title='bbox 611 1149 707 1196; x_wconf 82' lang='lat' dir='ltr'>operam</span> <span class='ocrx_word' id='word_1_118' title='bbox 725 1137 768 1181; x_wconf 89' lang='lat' dir='ltr'>de·</span> <span class='ocrx_word' id='word_1_119' title='bbox 800 1131 864 1192; x_wconf 89' lang='lat' dir='ltr'>apud</span> <span class='ocrx_word' id='word_1_120' title='bbox 874 1131 972 1179; x_wconf 80' lang='lat' dir='ltr'>Suidnm</span> <span class='ocrx_word' id='word_1_121' title='bbox 980 1131 1082 1195; x_wconf 72' lang='grc' dir='ltr'><strong><em>ἄγκυρα.</em></strong></span> <span class='ocrx_word' id='word_1_122' title='bbox 1115 1132 1179 1178; x_wconf 80' lang='lat' dir='ltr'>Nam</span> <span class='ocrx_word' id='word_1_123' title='bbox 1187 1131 1363 1182; x_wconf 68' lang='lat' dir='ltr'>herbamesse</span> 
     </span>
     <span class='ocr_line' id='line_1_12' title="bbox 155 1193 1361 1257; baseline -0.002 -14"><span class='ocrx_word' id='word_1_124' title='bbox 155 1226 157 1228; x_wconf 95' lang='lat'>-</span> <span class='ocrx_word' id='word_1_125' title='bbox 216 1197 286 1252; x_wconf 84' lang='lat' dir='ltr'>derit,</span> <span class='ocrx_word' id='word_1_126' title='bbox 304 1213 334 1245; x_wconf 86' lang='lat' dir='ltr'>ue</span> <span class='ocrx_word' id='word_1_127' title='bbox 350 1197 510 1246; x_wconf 79' lang='lat' dir='ltr'>Athenienses</span> <span class='ocrx_word' id='word_1_128' title='bbox 521 1197 625 1252; x_wconf 79' lang='lat' dir='ltr'>laederet‚</span> <span class='ocrx_word' id='word_1_129' title='bbox 645 1197 701 1244; x_wconf 87' lang='lat' dir='ltr'>belli</span> <span class='ocrx_word' id='word_1_130' title='bbox 712 1213 768 1246; x_wconf 90' lang='lat' dir='ltr'>cau·</span> <span class='ocrx_word' id='word_1_131' title='bbox 800 1193 842 1249; x_wconf 86' lang='lat' dir='ltr'>ait,</span> <span class='ocrx_word' id='word_1_132' title='bbox 860 1209 907 1257; x_wconf 93' lang='lat' dir='ltr'>quo</span> <span class='ocrx_word' id='word_1_133' title='bbox 924 1198 1019 1244; x_wconf 85' lang='lat' dir='ltr'>nornine</span> <span class='ocrx_word' id='word_1_134' title='bbox 1037 1197 1103 1243; x_wconf 79' lang='lat' dir='ltr'>nulls</span> <span class='ocrx_word' id='word_1_135' title='bbox 1123 1195 1181 1242; x_wconf 80' lang='lat' dir='ltr'>milri</span> <span class='ocrx_word' id='word_1_136' title='bbox 1199 1203 1256 1242; x_wconf 88' lang='lat' dir='ltr'>nota</span> <span class='ocrx_word' id='word_1_137' title='bbox 1272 1210 1361 1257; x_wconf 88' lang='lat' dir='ltr'>neque</span> 
     </span>
     <span class='ocr_line' id='line_1_13' title="bbox 215 1257 1362 1324; baseline 0 -18"><span class='ocrx_word' id='word_1_138' title='bbox 215 1273 266 1307; x_wconf 79' lang='lat' dir='ltr'>sum</span> <span class='ocrx_word' id='word_1_139' title='bbox 287 1261 398 1324; x_wconf 81' lang='lat' dir='ltr'>rejiciens</span> <span class='ocrx_word' id='word_1_140' title='bbox 416 1263 442 1308; x_wconf 90' lang='lat' dir='ltr'>in</span> <span class='ocrx_word' id='word_1_141' title='bbox 461 1263 526 1318; x_wconf 87' lang='lat' dir='ltr'>alios,</span> <span class='ocrx_word' id='word_1_142' title='bbox 549 1263 646 1308; x_wconf 82' lang='lat' dir='ltr'>Bceotos</span> <span class='ocrx_word' id='word_1_143' title='bbox 665 1268 724 1324; x_wconf 83' lang='lat' dir='ltr'>puta</span> <span class='ocrx_word' id='word_1_144' title='bbox 744 1269 769 1310; x_wconf 93' lang='lat' dir='ltr'>et</span> <span class='ocrx_word' id='word_1_145' title='bbox 800 1258 919 1308; x_wconf 86' lang='lat' dir='ltr'>lectaest.</span> <span class='ocrx_word' id='word_1_146' title='bbox 952 1261 1016 1317; x_wconf 85' lang='lat' dir='ltr'>Quid</span> <span class='ocrx_word' id='word_1_147' title='bbox 1032 1257 1213 1322; x_wconf 78' lang='grc' dir='ltr'><strong><em>εἰ.“ριοβιιτόνη</em></strong></span> <span class='ocrx_word' id='word_1_148' title='bbox 1230 1277 1267 1308; x_wconf 83' lang='grc' dir='ltr'><strong><em>τις</em></strong></span> <span class='ocrx_word' id='word_1_149' title='bbox 1285 1259 1362 1321; x_wconf 82' lang='lat' dir='ltr'>legas</span> 
     </span>
     <span class='ocr_line' id='line_1_14' title="bbox 216 1322 1362 1387; baseline -0.002 -17"><span class='ocrx_word' id='word_1_150' title='bbox 216 1323 379 1387; x_wconf 73' lang='lat' dir='ltr'>Megarenses,</span> <span class='ocrx_word' id='word_1_151' title='bbox 389 1341 454 1373; x_wconf 88' lang='lat' dir='ltr'>nunc</span> <span class='ocrx_word' id='word_1_152' title='bbox 463 1327 598 1374; x_wconf 77' lang='lat' dir='ltr'>libertatem</span> <span class='ocrx_word' id='word_1_153' title='bbox 608 1326 719 1387; x_wconf 89' lang='lat' dir='ltr'>loquendi</span> <span class='ocrx_word' id='word_1_154' title='bbox 727 1325 768 1373; x_wconf 91' lang='lat' dir='ltr'>de·</span> <span class='ocrx_word' id='word_1_155' title='bbox 800 1322 895 1384; x_wconf 83' lang='grc' dir='ltr'><strong><em>μηχανή</em></strong></span> <span class='ocrx_word' id='word_1_156' title='bbox 910 1337 955 1373; x_wconf 73' lang='grc' dir='ltr'><strong><em>τις·</em></strong></span> <span class='ocrx_word' id='word_1_157' title='bbox 965 1340 1019 1374; x_wconf 78' lang='lat' dir='ltr'>nain</span> <span class='ocrx_word' id='word_1_158' title='bbox 1037 1323 1170 1386; x_wconf 77' lang='grc' dir='ltr'><strong><em>ἀηιιόριτμα</em></strong></span> <span class='ocrx_word' id='word_1_159' title='bbox 1187 1330 1304 1385; x_wconf 83' lang='lat' dir='ltr'>et‘genns</span> <span class='ocrx_word' id='word_1_160' title='bbox 1321 1331 1362 1370; x_wconf 88' lang='lat' dir='ltr'>eet</span> 
     </span>
     <span class='ocr_line' id='line_1_15' title="bbox 216 1387 1359 1453; baseline 0.001 -20"><span class='ocrx_word' id='word_1_161' title='bbox 216 1390 429 1453; x_wconf 82' lang='lat' dir='ltr'>torquetinipsos,</span> <span class='ocrx_word' id='word_1_162' title='bbox 445 1405 491 1436; x_wconf 91' lang='lat' dir='ltr'>non</span> <span class='ocrx_word' id='word_1_163' title='bbox 508 1389 667 1436; x_wconf 81' lang='lat' dir='ltr'>maledicendi</span> <span class='ocrx_word' id='word_1_164' title='bbox 682 1389 770 1450; x_wconf 82' lang='lat' dir='ltr'>studio,</span> <span class='ocrx_word' id='word_1_165' title='bbox 800 1387 871 1433; x_wconf 81' lang='lat' dir='ltr'>luctcs</span> <span class='ocrx_word' id='word_1_166' title='bbox 887 1387 989 1452; x_wconf 81' lang='lat' dir='ltr'>(corrige</span> <span class='ocrx_word' id='word_1_167' title='bbox 1001 1389 1034 1435; x_wconf 88' lang='lat' dir='ltr'>ibi</span> <span class='ocrx_word' id='word_1_168' title='bbox 1044 1389 1138 1436; x_wconf 85' lang='lat' dir='ltr'>Suidaru</span> <span class='ocrx_word' id='word_1_169' title='bbox 1157 1393 1182 1434; x_wconf 90' lang='lat' dir='ltr'>et</span> <span class='ocrx_word' id='word_1_170' title='bbox 1198 1389 1251 1448; x_wconf 87' lang='lat' dir='ltr'>lege</span> <span class='ocrx_word' id='word_1_171' title='bbox 1268 1388 1359 1448; x_wconf 80' lang='grc' dir='ltr'><strong><em>σχῆμα</em></strong></span> 
     </span>
     <span class='ocr_line' id='line_1_16' title="bbox 216 1449 1358 1516; baseline -0.001 -18"><span class='ocrx_word' id='word_1_172' title='bbox 216 1452 259 1498; x_wconf 87' lang='lat' dir='ltr'>sed</span> <span class='ocrx_word' id='word_1_173' title='bbox 270 1461 297 1500; x_wconf 90' lang='lat' dir='ltr'>ut</span> <span class='ocrx_word' id='word_1_174' title='bbox 307 1468 356 1510; x_wconf 88' lang='lat' dir='ltr'>eos,</span> <span class='ocrx_word' id='word_1_175' title='bbox 368 1454 389 1499; x_wconf 92' lang='lat' dir='ltr'>ei</span> <span class='ocrx_word' id='word_1_176' title='bbox 399 1453 495 1514; x_wconf 86' lang='lat' dir='ltr'>poterit,</span> <span class='ocrx_word' id='word_1_177' title='bbox 504 1461 595 1500; x_wconf 79' lang='lat' dir='ltr'>evertat</span> <span class='ocrx_word' id='word_1_178' title='bbox 605 1467 620 1498; x_wconf 88' lang='lat' dir='ltr'>a</span> <span class='ocrx_word' id='word_1_179' title='bbox 630 1454 708 1514; x_wconf 82' lang='lat' dir='ltr'>pravis</span> <span class='ocrx_word' id='word_1_180' title='bbox 719 1455 769 1501; x_wconf 87' lang='lat' dir='ltr'>illis</span> <span class='ocrx_word' id='word_1_181' title='bbox 800 1453 849 1498; x_wconf 75' lang='grc' dir='ltr'>τῶν</span> <span class='ocrx_word' id='word_1_182' title='bbox 859 1453 885 1498; x_wconf 81' lang='grc' dir='ltr'>ἐν</span> <span class='ocrx_word' id='word_1_183' title='bbox 893 1451 967 1516; x_wconf 82' lang='grc' dir='ltr'><strong><em>πάλη,</em></strong></span> <span class='ocrx_word' id='word_1_184' title='bbox 977 1467 1025 1499; x_wconf 90' lang='lat' dir='ltr'>non</span> <span class='ocrx_word' id='word_1_185' title='bbox 1035 1462 1113 1500; x_wconf 86' lang='lat' dir='ltr'>autern</span> <span class='ocrx_word' id='word_1_186' title='bbox 1125 1449 1267 1512; x_wconf 71' lang='grc' dir='ltr'><strong><em>σχημάτων)</em></strong></span> <span class='ocrx_word' id='word_1_187' title='bbox 1276 1463 1305 1498; x_wconf 91' lang='lat' dir='ltr'>et</span> <span class='ocrx_word' id='word_1_188' title='bbox 1314 1466 1358 1497; x_wconf 84' lang='lat' dir='ltr'>vas</span> 
     </span>
    </p>
   </div>
   <div class='ocr_carea' id='block_1_5' title="bbox 138 1515 1360 1579">
    <p class='ocr_par' dir='ltr' id='par_1_6' title="bbox 138 1515 1360 1579">
     <span class='ocr_line' id='line_1_17' title="bbox 138 1515 1360 1579; baseline 0.002 -19"><span class='ocrx_word' id='word_1_189' title='bbox 138 1549 141 1552; x_wconf 81' lang='grc'><strong>.</strong></span> <span class='ocrx_word' id='word_1_190' title='bbox 217 1516 319 1564; x_wconf 85' lang='lat' dir='ltr'>moribus</span> <span class='ocrx_word' id='word_1_191' title='bbox 329 1526 355 1564; x_wconf 87' lang='lat' dir='ltr'>et</span> <span class='ocrx_word' id='word_1_192' title='bbox 364 1524 448 1564; x_wconf 82' lang='lat' dir='ltr'>nature</span> <span class='ocrx_word' id='word_1_193' title='bbox 466 1517 574 1564; x_wconf 87' lang='lat' dir='ltr'>irritabili</span> <span class='ocrx_word' id='word_1_194' title='bbox 593 1530 694 1579; x_wconf 82' lang='lat' dir='ltr'>vereque</span> <span class='ocrx_word' id='word_1_195' title='bbox 711 1518 768 1565; x_wconf 80' lang='lat' dir='ltr'>effe·</span> <span class='ocrx_word' id='word_1_196' title='bbox 801 1515 889 1563; x_wconf 84' lang='lat' dir='ltr'>ficuum</span> <span class='ocrx_word' id='word_1_197' title='bbox 905 1531 987 1579; x_wconf 82' lang='lat' dir='ltr'><strong>capax.</strong></span> <span class='ocrx_word' id='word_1_198' title='bbox 1020 1516 1142 1564; x_wconf 86' lang='lat' dir='ltr'>Censeant</span> <span class='ocrx_word' id='word_1_199' title='bbox 1157 1516 1246 1562; x_wconf 87' lang='lat' dir='ltr'>literati</span> <span class='ocrx_word' id='word_1_200' title='bbox 1258 1515 1360 1578; x_wconf 80' lang='lat' dir='ltr'>judices</span> 
     </span>
    </p>
   </div>
   <div class='ocr_carea' id='block_1_6' title="bbox 185 1579 1364 3949">
    <p class='ocr_par' dir='ltr' id='par_1_7' title="bbox 185 1579 1364 3949">
     <span class='ocr_line' id='line_1_18' title="bbox 217 1579 1360 1640; baseline 0.002 -16"><span class='ocrx_word' id='word_1_201' title='bbox 217 1586 269 1626; x_wconf 84' lang='lat' dir='ltr'>reta</span> <span class='ocrx_word' id='word_1_202' title='bbox 288 1587 313 1626; x_wconf 87' lang='lat' dir='ltr'>et</span> <span class='ocrx_word' id='word_1_203' title='bbox 335 1595 419 1628; x_wconf 84' lang='lat' dir='ltr'>canum</span> <span class='ocrx_word' id='word_1_204' title='bbox 436 1582 462 1627; x_wconf 88' lang='lat' dir='ltr'>in</span> <span class='ocrx_word' id='word_1_205' title='bbox 477 1596 564 1628; x_wconf 86' lang='lat' dir='ltr'>rnorem</span> <span class='ocrx_word' id='word_1_206' title='bbox 585 1580 706 1628; x_wconf 86' lang='lat' dir='ltr'>hirn&#39;ente.</span> <span class='ocrx_word' id='word_1_207' title='bbox 725 1581 768 1630; x_wconf 74' lang='lat' dir='ltr'>Fe.</span> <span class='ocrx_word' id='word_1_208' title='bbox 801 1593 878 1640; x_wconf 87' lang='lat' dir='ltr'>neque</span> <span class='ocrx_word' id='word_1_209' title='bbox 899 1581 957 1627; x_wconf 83' lang='lat' dir='ltr'>milri</span> <span class='ocrx_word' id='word_1_210' title='bbox 979 1581 1037 1628; x_wconf 89' lang='lat' dir='ltr'>vitio</span> <span class='ocrx_word' id='word_1_211' title='bbox 1055 1586 1150 1628; x_wconf 76' lang='lat' dir='ltr'>vortant</span> <span class='ocrx_word' id='word_1_212' title='bbox 1168 1579 1360 1640; x_wconf 73' lang='lat' dir='ltr'>conjectationes</span> 
     </span>
     <span class='ocr_line' id='line_1_19' title="bbox 218 1641 1358 1708; baseline 0 -18"><span class='ocrx_word' id='word_1_213' title='bbox 218 1641 286 1690; x_wconf 71' lang='lat' dir='ltr'>cnr.</span> <span class='ocrx_word' id='word_1_214' title='bbox 771 1645 774 1649; x_wconf 83' lang='lat'><em>&#39;</em></span> <span class='ocrx_word' id='word_1_215' title='bbox 800 1656 898 1698; x_wconf 81' lang='lat' dir='ltr'>nostras,</span> <span class='ocrx_word' id='word_1_216' title='bbox 909 1659 968 1706; x_wconf 87' lang='lat' dir='ltr'>quas</span> <span class='ocrx_word' id='word_1_217' title='bbox 977 1645 1095 1708; x_wconf 82' lang='lat' dir='ltr'>indaginis</span> <span class='ocrx_word' id='word_1_218' title='bbox 1104 1645 1178 1692; x_wconf 85' lang='lat' dir='ltr'>vicero</span> <span class='ocrx_word' id='word_1_219' title='bbox 1190 1650 1282 1690; x_wconf 86' lang='lat' dir='ltr'>tantum</span> <span class='ocrx_word' id='word_1_220' title='bbox 1299 1659 1358 1690; x_wconf 84' lang='lat' dir='ltr'>esse</span> 
     </span>
     <span class='ocr_line' id='line_1_20' title="bbox 241 1706 1360 1772; baseline 0.002 -20"><span class='ocrx_word' id='word_1_221' title='bbox 241 1711 306 1756; x_wconf 78' lang='grc'><strong>603.</strong></span> <span class='ocrx_word' id='word_1_222' title='bbox 323 1706 386 1756; x_wconf 83' lang='lat' dir='ltr'>Vide</span> <span class='ocrx_word' id='word_1_223' title='bbox 401 1709 507 1757; x_wconf 79' lang='lat' dir='ltr'>Bekkeri</span> <span class='ocrx_word' id='word_1_224' title='bbox 525 1709 619 1757; x_wconf 74' lang='lat' dir='ltr'>Anecd.</span> <span class='ocrx_word' id='word_1_225' title='bbox 630 1710 648 1757; x_wconf 84' lang='lat' dir='ltr'>i.</span> <span class='ocrx_word' id='word_1_226' title='bbox 659 1725 684 1772; x_wconf 85' lang='lat' dir='ltr'>p.</span> <span class='ocrx_word' id='word_1_227' title='bbox 696 1713 770 1759; x_wconf 63' lang='grc' dir='ltr'>αλδ.</span> <span class='ocrx_word' id='word_1_228' title='bbox 800 1708 864 1763; x_wconf 86' lang='lat' dir='ltr'>volo,</span> <span class='ocrx_word' id='word_1_229' title='bbox 886 1709 936 1755; x_wconf 86' lang='lat' dir='ltr'>eine</span> <span class='ocrx_word' id='word_1_230' title='bbox 946 1723 993 1772; x_wconf 88' lang='lat' dir='ltr'>quu</span> <span class='ocrx_word' id='word_1_231' title='bbox 1010 1710 1140 1770; x_wconf 79' lang='lat' dir='ltr'>sagaciores</span> <span class='ocrx_word' id='word_1_232' title='bbox 1156 1709 1186 1754; x_wconf 93' lang='lat' dir='ltr'>ad</span> <span class='ocrx_word' id='word_1_233' title='bbox 1204 1707 1282 1754; x_wconf 89' lang='lat' dir='ltr'>cubile</span> <span class='ocrx_word' id='word_1_234' title='bbox 1294 1709 1360 1754; x_wconf 80' lang='lat' dir='ltr'>veri-</span> 
     </span>
     <span class='ocr_line' id='line_1_21' title="bbox 219 1769 1358 1836; baseline 0.003 -20"><span class='ocrx_word' id='word_1_235' title='bbox 219 1769 302 1818; x_wconf 82' lang='lat' dir='ltr'>Drun.</span> <span class='ocrx_word' id='word_1_236' title='bbox 801 1773 857 1818; x_wconf 89' lang='lat' dir='ltr'>tatis</span> <span class='ocrx_word' id='word_1_237' title='bbox 869 1771 938 1822; x_wconf 83' lang='lat' dir='ltr'>lecile</span> <span class='ocrx_word' id='word_1_238' title='bbox 949 1773 1057 1820; x_wconf 79' lang='lat' dir='ltr'>fortassis</span> <span class='ocrx_word' id='word_1_239' title='bbox 1069 1773 1214 1836; x_wconf 84' lang='lat' dir='ltr'>perveniant.</span> <span class='ocrx_word' id='word_1_240' title='bbox 1226 1771 1271 1818; x_wconf 86' lang='lat' dir='ltr'>Fn.</span> <span class='ocrx_word' id='word_1_241' title='bbox 1281 1771 1358 1819; x_wconf 82' lang='lat' dir='ltr'>Crrn.</span> 
     </span>
     <span class='ocr_line' id='line_1_22' title="bbox 250 1834 1360 1900; baseline -0.003 -16"><span class='ocrx_word' id='word_1_242' title='bbox 250 1839 306 1884; x_wconf 87' lang='grc'><strong>666.</strong></span> <span class='ocrx_word' id='word_1_243' title='bbox 323 1835 408 1900; x_wconf 85' lang='lat' dir='ltr'>Turpis</span> <span class='ocrx_word' id='word_1_244' title='bbox 419 1839 478 1885; x_wconf 85' lang='lat' dir='ltr'>lucri</span> <span class='ocrx_word' id='word_1_245' title='bbox 493 1838 591 1886; x_wconf 84' lang='lat' dir='ltr'>studiosi</span> <span class='ocrx_word' id='word_1_246' title='bbox 608 1844 633 1884; x_wconf 88' lang='lat' dir='ltr'>et</span> <span class='ocrx_word' id='word_1_247' title='bbox 648 1837 769 1900; x_wconf 83' lang='lat' dir='ltr'>hospitum</span> <span class='ocrx_word' id='word_1_248' title='bbox 800 1834 899 1883; x_wconf 80' lang='lat' dir='ltr'>Porson.</span> <span class='ocrx_word' id='word_1_249' title='bbox 920 1836 951 1884; x_wconf 87' lang='lat' dir='ltr'>ad</span> <span class='ocrx_word' id='word_1_250' title='bbox 973 1837 1055 1898; x_wconf 90' lang='lat' dir='ltr'>Eurip.</span> <span class='ocrx_word' id='word_1_251' title='bbox 1073 1837 1156 1884; x_wconf 86' lang='lat' dir='ltr'>Phoen.</span> <span class='ocrx_word' id='word_1_252' title='bbox 1167 1839 1223 1885; x_wconf 76' lang='lat'>412.</span> <span class='ocrx_word' id='word_1_253' title='bbox 1244 1836 1360 1898; x_wconf 84' lang='lat' dir='ltr'>probavit</span> 
     </span>
     <span class='ocr_line' id='line_1_23' title="bbox 217 1898 1360 1964; baseline 0.001 -19"><span class='ocrx_word' id='word_1_254' title='bbox 217 1898 357 1962; x_wconf 85' lang='lat' dir='ltr'>deceptores</span> <span class='ocrx_word' id='word_1_255' title='bbox 367 1901 550 1958; x_wconf 82' lang='lat' dir='ltr'>Lacedaemonii,</span> <span class='ocrx_word' id='word_1_256' title='bbox 562 1902 591 1948; x_wconf 90' lang='lat' dir='ltr'>de</span> <span class='ocrx_word' id='word_1_257' title='bbox 603 1917 700 1964; x_wconf 86' lang='lat' dir='ltr'>quorum</span> <span class='ocrx_word' id='word_1_258' title='bbox 712 1917 767 1949; x_wconf 85' lang='lat' dir='ltr'>ava·</span> <span class='ocrx_word' id='word_1_259' title='bbox 800 1901 941 1961; x_wconf 76' lang='lat' dir='ltr'>scripturam</span> <span class='ocrx_word' id='word_1_260' title='bbox 960 1899 1020 1947; x_wconf 74' lang='lat' dir='ltr'>Rae.</span> <span class='ocrx_word' id='word_1_261' title='bbox 1031 1903 1061 1948; x_wconf 81' lang='lat' dir='ltr'>ab</span> <span class='ocrx_word' id='word_1_262' title='bbox 1074 1901 1125 1947; x_wconf 89' lang='lat' dir='ltr'>lnv.</span> <span class='ocrx_word' id='word_1_263' title='bbox 1140 1906 1268 1961; x_wconf 78' lang='lat' dir='ltr'>receptum,</span> <span class='ocrx_word' id='word_1_264' title='bbox 1284 1898 1360 1946; x_wconf 72' lang='grc' dir='ltr'><strong><em>οὐδὲν</em></strong></span> 
     </span>
     <span class='ocr_line' id='line_1_24' title="bbox 218 1962 1361 2027; baseline 0 -17"><span class='ocrx_word' id='word_1_265' title='bbox 218 1962 272 2010; x_wconf 82' lang='lat' dir='ltr'>ritis</span> <span class='ocrx_word' id='word_1_266' title='bbox 281 1966 399 2012; x_wconf 80' lang='lat' dir='ltr'>oraculum</span> <span class='ocrx_word' id='word_1_267' title='bbox 411 1974 449 2013; x_wconf 90' lang='lat' dir='ltr'>est</span> <span class='ocrx_word' id='word_1_268' title='bbox 457 1965 580 2014; x_wconf 84' lang='lat' dir='ltr'>vetus:‘A</span> <span class='ocrx_word' id='word_1_269' title='bbox 592 1965 768 2026; x_wconf 73' lang='grc' dir='ltr'>φιλοχρηματία</span> <span class='ocrx_word' id='word_1_270' title='bbox 801 1963 878 2010; x_wconf 70' lang='lat' dir='ltr'>airicus</span> <span class='ocrx_word' id='word_1_271' title='bbox 897 1963 926 2012; x_wconf 70' lang='lat' dir='ltr'>dv</span> <span class='ocrx_word' id='word_1_272' title='bbox 940 1964 1003 2027; x_wconf 78' lang='grc' dir='ltr'><strong><em>ἀνδρ.</em></strong></span> <span class='ocrx_word' id='word_1_273' title='bbox 1035 1965 1171 2012; x_wconf 77' lang='lat' dir='ltr'>Adhibetur</span> <span class='ocrx_word' id='word_1_274' title='bbox 1189 1963 1218 2011; x_wconf 72' lang='grc' dir='ltr'>άν</span> <span class='ocrx_word' id='word_1_275' title='bbox 1232 1978 1262 2010; x_wconf 90' lang='lat' dir='ltr'>ea</span> <span class='ocrx_word' id='word_1_276' title='bbox 1278 1963 1314 2024; x_wconf 84' lang='lat' dir='ltr'>ri,</span> <span class='ocrx_word' id='word_1_277' title='bbox 1330 1971 1361 2010; x_wconf 91' lang='lat' dir='ltr'>ut</span> 
     </span>
     <span class='ocr_line' id='line_1_25' title="bbox 217 2024 1359 2091; baseline -0.003 -14"><span class='ocrx_word' id='word_1_278' title='bbox 217 2024 326 2089; x_wconf 67' lang='grc' dir='ltr'><strong><em>Σπάρταν</em></strong></span> <span class='ocrx_word' id='word_1_279' title='bbox 336 2027 397 2088; x_wconf 78' lang='grc' dir='ltr'><strong><em>ὀλεῖ,</em></strong></span> <span class='ocrx_word' id='word_1_280' title='bbox 409 2029 471 2078; x_wconf 68' lang='grc' dir='ltr'><strong><em>ἄλλο</em></strong></span> <span class='ocrx_word' id='word_1_281' title='bbox 482 2029 508 2078; x_wconf 81' lang='grc' dir='ltr'>δὲ</span> <span class='ocrx_word' id='word_1_282' title='bbox 518 2028 592 2084; x_wconf 75' lang='grc' dir='ltr'><strong><em>οὐδὲν,</em></strong></span> <span class='ocrx_word' id='word_1_283' title='bbox 603 2029 620 2075; x_wconf 85' lang='grc'><strong>1.</strong></span> <span class='ocrx_word' id='word_1_284' title='bbox 630 2029 692 2078; x_wconf 75' lang='grc' dir='ltr'><strong><em>καὶαι</em></strong></span> <span class='ocrx_word' id='word_1_285' title='bbox 705 2043 770 2078; x_wconf 79' lang='lat' dir='ltr'>amor</span> <span class='ocrx_word' id='word_1_286' title='bbox 800 2027 926 2090; x_wconf 79' lang='lat' dir='ltr'>signrificet,</span> <span class='ocrx_word' id='word_1_287' title='bbox 946 2043 999 2091; x_wconf 84' lang='lat' dir='ltr'>qnae</span> <span class='ocrx_word' id='word_1_288' title='bbox 1015 2028 1066 2075; x_wconf 88' lang='lat' dir='ltr'>fieri</span> <span class='ocrx_word' id='word_1_289' title='bbox 1076 2036 1102 2076; x_wconf 87' lang='lat' dir='ltr'>et</span> <span class='ocrx_word' id='word_1_290' title='bbox 1111 2043 1165 2075; x_wconf 89' lang='lat' dir='ltr'>esse</span> <span class='ocrx_word' id='word_1_291' title='bbox 1176 2027 1247 2074; x_wconf 85' lang='lat' dir='ltr'>iacile</span> <span class='ocrx_word' id='word_1_292' title='bbox 1261 2028 1359 2089; x_wconf 85' lang='lat' dir='ltr'>possint</span> 
     </span>
     <span class='ocr_line' id='line_1_26' title="bbox 218 2092 1046 2156; baseline 0 -18"><span class='ocrx_word' id='word_1_293' title='bbox 218 2092 278 2138; x_wconf 81' lang='lat' dir='ltr'>lucri</span> <span class='ocrx_word' id='word_1_294' title='bbox 289 2093 384 2156; x_wconf 71' lang='lat' dir='ltr'>Sparten</span> <span class='ocrx_word' id='word_1_295' title='bbox 391 2095 551 2154; x_wconf 77' lang='lat' dir='ltr'>pestremdubit</span> <span class='ocrx_word' id='word_1_296' title='bbox 561 2094 649 2142; x_wconf 85' lang='lat' dir='ltr'>urbem.</span> <span class='ocrx_word' id='word_1_297' title='bbox 682 2093 769 2155; x_wconf 88' lang='lat' dir='ltr'>Neque</span> <span class='ocrx_word' id='word_1_298' title='bbox 801 2099 841 2137; x_wconf 86' lang='lat' dir='ltr'>aut</span> <span class='ocrx_word' id='word_1_299' title='bbox 852 2092 951 2139; x_wconf 79' lang='lat' dir='ltr'>soleant.</span> <span class='ocrx_word' id='word_1_300' title='bbox 963 2092 1046 2138; x_wconf 77' lang='lat' dir='ltr'>Drun.</span> 
     </span>
     <span class='ocr_line' id='line_1_27' title="bbox 217 2155 1358 2219; baseline 0.004 -21"><span class='ocrx_word' id='word_1_301' title='bbox 217 2169 273 2202; x_wconf 84' lang='lat' dir='ltr'>vero</span> <span class='ocrx_word' id='word_1_302' title='bbox 284 2157 405 2203; x_wconf 75' lang='lat' dir='ltr'>avaritiam</span> <span class='ocrx_word' id='word_1_303' title='bbox 417 2158 490 2204; x_wconf 85' lang='lat' dir='ltr'>solam</span> <span class='ocrx_word' id='word_1_304' title='bbox 506 2165 582 2213; x_wconf 90' lang='lat' dir='ltr'>notat,</span> <span class='ocrx_word' id='word_1_305' title='bbox 601 2159 644 2204; x_wconf 88' lang='lat' dir='ltr'>sed</span> <span class='ocrx_word' id='word_1_306' title='bbox 660 2157 769 2205; x_wconf 88' lang='lat' dir='ltr'>inhuma-</span> <span class='ocrx_word' id='word_1_307' title='bbox 833 2160 890 2203; x_wconf 89' lang='grc'><strong>611.</strong></span> <span class='ocrx_word' id='word_1_308' title='bbox 907 2155 966 2203; x_wconf 80' lang='lat' dir='ltr'>Haec</span> <span class='ocrx_word' id='word_1_309' title='bbox 979 2157 1049 2219; x_wconf 79' lang='lat' dir='ltr'>vulgo</span> <span class='ocrx_word' id='word_1_310' title='bbox 1059 2157 1128 2203; x_wconf 88' lang='lat' dir='ltr'>choro</span> <span class='ocrx_word' id='word_1_311' title='bbox 1139 2155 1179 2217; x_wconf 89' lang='lat' dir='ltr'>(et</span> <span class='ocrx_word' id='word_1_312' title='bbox 1187 2155 1286 2212; x_wconf 83' lang='lat' dir='ltr'>rectius,</span> <span class='ocrx_word' id='word_1_313' title='bbox 1303 2158 1358 2218; x_wconf 89' lang='lat' dir='ltr'>opi-</span> 
     </span>
     <span class='ocr_line' id='line_1_28' title="bbox 217 2218 1358 2283; baseline 0.002 -19"><span class='ocrx_word' id='word_1_314' title='bbox 217 2218 317 2266; x_wconf 84' lang='lat' dir='ltr'>nitstem</span> <span class='ocrx_word' id='word_1_315' title='bbox 338 2229 363 2266; x_wconf 90' lang='lat' dir='ltr'>et</span> <span class='ocrx_word' id='word_1_316' title='bbox 380 2220 595 2283; x_wconf 79' lang='lat' dir='ltr'>inhospitalitatem</span> <span class='ocrx_word' id='word_1_317' title='bbox 606 2237 613 2279; x_wconf 85' lang='lat'><em>3</em></span> <span class='ocrx_word' id='word_1_318' title='bbox 641 2222 684 2268; x_wconf 89' lang='lat' dir='ltr'>hoc</span> <span class='ocrx_word' id='word_1_319' title='bbox 706 2223 770 2269; x_wconf 86' lang='lat' dir='ltr'>enim</span> <span class='ocrx_word' id='word_1_320' title='bbox 783 2265 786 2276; x_wconf 80' lang='grc'><em>,</em></span> <span class='ocrx_word' id='word_1_321' title='bbox 800 2219 857 2282; x_wconf 76' lang='lat' dir='ltr'>nor)</span> <span class='ocrx_word' id='word_1_322' title='bbox 868 2219 1012 2276; x_wconf 87' lang='lat' dir='ltr'>tribuuntur,</span> <span class='ocrx_word' id='word_1_323' title='bbox 1022 2224 1079 2268; x_wconf 80' lang='grc'><strong>613.</strong></span> <span class='ocrx_word' id='word_1_324' title='bbox 1088 2235 1108 2269; x_wconf 90' lang='lat' dir='ltr'>s.</span> <span class='ocrx_word' id='word_1_325' title='bbox 1117 2220 1227 2282; x_wconf 77' lang='lat' dir='ltr'>Trygaeo.</span> <span class='ocrx_word' id='word_1_326' title='bbox 1248 2220 1358 2267; x_wconf 85' lang='lat' dir='ltr'>Mutavit</span> 
     </span>
     <span class='ocr_line' id='line_1_29' title="bbox 217 2283 1359 2348; baseline 0.004 -21"><span class='ocrx_word' id='word_1_327' title='bbox 217 2295 268 2328; x_wconf 83' lang='lat' dir='ltr'>vox</span> <span class='ocrx_word' id='word_1_328' title='bbox 276 2283 319 2330; x_wconf 90' lang='lat' dir='ltr'>illa</span> <span class='ocrx_word' id='word_1_329' title='bbox 330 2292 400 2330; x_wconf 82' lang='lat' dir='ltr'>sonet</span> <span class='ocrx_word' id='word_1_330' title='bbox 410 2284 578 2348; x_wconf 77' lang='grc' dir='ltr'><strong><em>διειρωνόξενοι,</em></strong></span> <span class='ocrx_word' id='word_1_331' title='bbox 591 2285 658 2347; x_wconf 87' lang='lat' dir='ltr'>quasi</span> <span class='ocrx_word' id='word_1_332' title='bbox 668 2300 712 2346; x_wconf 89' lang='lat' dir='ltr'>per</span> <span class='ocrx_word' id='word_1_333' title='bbox 722 2286 769 2333; x_wconf 87' lang='lat' dir='ltr'>iro-</span> <span class='ocrx_word' id='word_1_334' title='bbox 801 2297 915 2344; x_wconf 80' lang='lat' dir='ltr'>personas</span> <span class='ocrx_word' id='word_1_335' title='bbox 929 2285 1068 2332; x_wconf 70' lang='lat' dir='ltr'>auctoritate</span> <span class='ocrx_word' id='word_1_336' title='bbox 1083 2283 1145 2330; x_wconf 75' lang='lat' dir='ltr'>Rae.</span> <span class='ocrx_word' id='word_1_337' title='bbox 1157 2283 1253 2330; x_wconf 86' lang='lat' dir='ltr'>Invern.</span> <span class='ocrx_word' id='word_1_338' title='bbox 1272 2283 1359 2332; x_wconf 79' lang='lat' dir='ltr'>Drsn.</span> 
     </span>
     <span class='ocr_line' id='line_1_30' title="bbox 218 2345 1358 2412; baseline 0.004 -22"><span class='ocrx_word' id='word_1_339' title='bbox 218 2345 282 2393; x_wconf 82' lang='lat' dir='ltr'>nium</span> <span class='ocrx_word' id='word_1_340' title='bbox 308 2353 334 2394; x_wconf 92' lang='lat' dir='ltr'>et</span> <span class='ocrx_word' id='word_1_341' title='bbox 354 2347 473 2396; x_wconf 78' lang='lat' dir='ltr'>fallaciam</span> <span class='ocrx_word' id='word_1_342' title='bbox 498 2351 607 2412; x_wconf 87' lang='lat' dir='ltr'>hospites</span> <span class='ocrx_word' id='word_1_343' title='bbox 627 2349 770 2410; x_wconf 77' lang='lat' dir='ltr'>acciperent,</span> <span class='ocrx_word' id='word_1_344' title='bbox 803 2347 927 2409; x_wconf 83' lang='grc' dir='ltr'><strong><em>καριόνειιν.</em></strong></span> <span class='ocrx_word' id='word_1_345' title='bbox 960 2347 1027 2396; x_wconf 89' lang='lat' dir='ltr'>Inter</span> <span class='ocrx_word' id='word_1_346' title='bbox 1045 2363 1130 2410; x_wconf 80' lang='lat' dir='ltr'>genera</span> <span class='ocrx_word' id='word_1_347' title='bbox 1146 2348 1233 2394; x_wconf 86' lang='lat' dir='ltr'>ficuum</span> <span class='ocrx_word' id='word_1_348' title='bbox 1243 2357 1358 2395; x_wconf 84' lang='lat' dir='ltr'>recenset</span> 
     </span>
     <span class='ocr_line' id='line_1_31' title="bbox 218 2410 1359 2475; baseline 0.002 -19"><span class='ocrx_word' id='word_1_349' title='bbox 218 2410 274 2470; x_wconf 83' lang='lat' dir='ltr'>quie</span> <span class='ocrx_word' id='word_1_350' title='bbox 291 2425 339 2457; x_wconf 88' lang='lat' dir='ltr'>non</span> <span class='ocrx_word' id='word_1_351' title='bbox 355 2411 442 2460; x_wconf 81' lang='lat' dir='ltr'>licebat</span> <span class='ocrx_word' id='word_1_352' title='bbox 457 2415 647 2474; x_wconf 79' lang='lat' dir='ltr'>quandocunque</span> <span class='ocrx_word' id='word_1_353' title='bbox 663 2413 769 2475; x_wconf 77' lang='lat' dir='ltr'>Spartam</span> <span class='ocrx_word' id='word_1_354' title='bbox 803 2410 897 2458; x_wconf 81' lang='lat' dir='ltr'>schot:</span> <span class='ocrx_word' id='word_1_355' title='bbox 916 2427 961 2475; x_wconf 85' lang='lat' dir='ltr'>ego</span> <span class='ocrx_word' id='word_1_356' title='bbox 972 2413 1002 2460; x_wconf 91' lang='lat' dir='ltr'>de</span> <span class='ocrx_word' id='word_1_357' title='bbox 1015 2412 1112 2459; x_wconf 84' lang='lat' dir='ltr'>ritehic</span> <span class='ocrx_word' id='word_1_358' title='bbox 1129 2411 1228 2474; x_wconf 84' lang='lat' dir='ltr'>accipio,</span> <span class='ocrx_word' id='word_1_359' title='bbox 1248 2414 1359 2472; x_wconf 83' lang='lat' dir='ltr'>quamvis</span> 
     </span>
     <span class='ocr_line' id='line_1_32' title="bbox 219 2472 1358 2540; baseline 0.003 -20"><span class='ocrx_word' id='word_1_360' title='bbox 219 2472 292 2529; x_wconf 79' lang='lat' dir='ltr'>edire,</span> <span class='ocrx_word' id='word_1_361' title='bbox 312 2475 436 2523; x_wconf 80' lang='lat' dir='ltr'>sedcoctis</span> <span class='ocrx_word' id='word_1_362' title='bbox 448 2483 539 2524; x_wconf 86' lang='lat' dir='ltr'>tanturn</span> <span class='ocrx_word' id='word_1_363' title='bbox 559 2477 643 2524; x_wconf 86' lang='lat' dir='ltr'>diebus</span> <span class='ocrx_word' id='word_1_364' title='bbox 658 2483 770 2540; x_wconf 87' lang='lat' dir='ltr'>erantque</span> <span class='ocrx_word' id='word_1_365' title='bbox 803 2473 940 2539; x_wconf 79' lang='lat' dir='ltr'>Hesychius</span> <span class='ocrx_word' id='word_1_366' title='bbox 955 2493 979 2525; x_wconf 85' lang='lat' dir='ltr'>v.</span> <span class='ocrx_word' id='word_1_367' title='bbox 995 2477 1111 2536; x_wconf 78' lang='grc' dir='ltr'><strong><em>κορόνειιι</em></strong></span> <span class='ocrx_word' id='word_1_368' title='bbox 1128 2476 1174 2538; x_wconf 81' lang='lat' dir='ltr'>(sic</span> <span class='ocrx_word' id='word_1_369' title='bbox 1192 2475 1295 2522; x_wconf 84' lang='lat' dir='ltr'>emendo</span> <span class='ocrx_word' id='word_1_370' title='bbox 1313 2492 1358 2538; x_wconf 89' lang='lat' dir='ltr'>pro</span> 
     </span>
     <span class='ocr_line' id='line_1_33' title="bbox 218 2537 1356 2602; baseline 0.003 -19"><span class='ocrx_word' id='word_1_371' title='bbox 218 2537 269 2585; x_wconf 91' lang='lat' dir='ltr'>iilic</span> <span class='ocrx_word' id='word_1_372' title='bbox 280 2538 347 2586; x_wconf 80' lang='grc' dir='ltr'><strong><em>κακοὶ</em></strong></span> <span class='ocrx_word' id='word_1_373' title='bbox 357 2539 480 2600; x_wconf 73' lang='grc' dir='ltr'><strong><em>ξενοδόκοι,</em></strong></span> <span class='ocrx_word' id='word_1_374' title='bbox 499 2549 526 2588; x_wconf 87' lang='lat' dir='ltr'>ut</span> <span class='ocrx_word' id='word_1_375' title='bbox 535 2542 568 2588; x_wconf 87' lang='lat' dir='ltr'>ait</span> <span class='ocrx_word' id='word_1_376' title='bbox 578 2539 718 2588; x_wconf 84' lang='lat' dir='ltr'>Theocritus</span> <span class='ocrx_word' id='word_1_377' title='bbox 731 2541 770 2588; x_wconf 86' lang='lat' dir='ltr'>Id.</span> <span class='ocrx_word' id='word_1_378' title='bbox 803 2540 937 2602; x_wconf 76' lang='grc' dir='ltr'><strong><em>κορωναΐις)</em></strong></span> <span class='ocrx_word' id='word_1_379' title='bbox 951 2550 1004 2588; x_wconf 87' lang='lat' dir='ltr'>tem·</span> <span class='ocrx_word' id='word_1_380' title='bbox 1011 2543 1041 2600; x_wconf 81' lang='lat' dir='ltr'>de</span> <span class='ocrx_word' id='word_1_381' title='bbox 1053 2541 1098 2588; x_wconf 83' lang='lat' dir='ltr'>ficu</span> <span class='ocrx_word' id='word_1_382' title='bbox 1107 2554 1179 2601; x_wconf 83' lang='lat' dir='ltr'>quern</span> <span class='ocrx_word' id='word_1_383' title='bbox 1189 2539 1219 2587; x_wconf 91' lang='lat' dir='ltr'>de</span> <span class='ocrx_word' id='word_1_384' title='bbox 1230 2539 1279 2586; x_wconf 90' lang='lat' dir='ltr'>vite</span> <span class='ocrx_word' id='word_1_385' title='bbox 1290 2541 1356 2588; x_wconf 87' lang='lat' dir='ltr'>acci-</span> 
     </span>
     <span class='ocr_line' id='line_1_34' title="bbox 219 2602 1356 2667; baseline 0.004 -21"><span class='ocrx_word' id='word_1_386' title='bbox 219 2602 266 2648; x_wconf 83' lang='lat' dir='ltr'>xvi.</span> <span class='ocrx_word' id='word_1_387' title='bbox 276 2607 316 2651; x_wconf 78' lang='lat' dir='ltr'>nt.</span> <span class='ocrx_word' id='word_1_388' title='bbox 327 2611 352 2650; x_wconf 92' lang='lat' dir='ltr'>et</span> <span class='ocrx_word' id='word_1_389' title='bbox 368 2605 410 2666; x_wconf 91' lang='lat' dir='ltr'>qui</span> <span class='ocrx_word' id='word_1_390' title='bbox 427 2605 574 2667; x_wconf 85' lang='lat' dir='ltr'>proverbium</span> <span class='ocrx_word' id='word_1_391' title='bbox 594 2605 712 2660; x_wconf 87' lang='lat' dir='ltr'>tollerent,</span> <span class='ocrx_word' id='word_1_392' title='bbox 729 2608 770 2666; x_wconf 65' lang='lat' dir='ltr'>ey-</span> <span class='ocrx_word' id='word_1_393' title='bbox 802 2603 862 2664; x_wconf 83' lang='lat' dir='ltr'>piet.</span> <span class='ocrx_word' id='word_1_394' title='bbox 894 2604 942 2651; x_wconf 84' lang='lat' dir='ltr'>Sed</span> <span class='ocrx_word' id='word_1_395' title='bbox 964 2605 1038 2652; x_wconf 90' lang='lat' dir='ltr'>satius</span> <span class='ocrx_word' id='word_1_396' title='bbox 1058 2604 1088 2651; x_wconf 88' lang='lat' dir='ltr'>de</span> <span class='ocrx_word' id='word_1_397' title='bbox 1105 2605 1237 2666; x_wconf 76' lang='lat' dir='ltr'>nigricante</span> <span class='ocrx_word' id='word_1_398' title='bbox 1254 2618 1302 2650; x_wconf 83' lang='lat' dir='ltr'>ura</span> <span class='ocrx_word' id='word_1_399' title='bbox 1317 2605 1356 2650; x_wconf 87' lang='lat' dir='ltr'>in-</span> 
     </span>
     <span class='ocr_line' id='line_1_35' title="bbox 215 2666 1359 2732; baseline 0.003 -18"><span class='ocrx_word' id='word_1_400' title='bbox 215 2667 320 2725; x_wconf 76' lang='grc' dir='ltr'><strong><em>’γότερον</em></strong></span> <span class='ocrx_word' id='word_1_401' title='bbox 331 2666 390 2728; x_wconf 70' lang='grc' dir='ltr'><strong><em>’γόνυ</em></strong></span> <span class='ocrx_word' id='word_1_402' title='bbox 406 2668 502 2728; x_wconf 71' lang='grc' dir='ltr'><strong><em>κνήμης.</em></strong></span> <span class='ocrx_word' id='word_1_403' title='bbox 534 2669 599 2726; x_wconf 88' lang='lat' dir='ltr'>Qnin</span> <span class='ocrx_word' id='word_1_404' title='bbox 617 2668 652 2716; x_wconf 91' lang='lat' dir='ltr'>ibi</span> <span class='ocrx_word' id='word_1_405' title='bbox 670 2669 718 2717; x_wconf 83' lang='lat' dir='ltr'>lato</span> <span class='ocrx_word' id='word_1_406' title='bbox 732 2671 771 2717; x_wconf 85' lang='lat' dir='ltr'>lex</span> <span class='ocrx_word' id='word_1_407' title='bbox 802 2667 917 2730; x_wconf 85' lang='lat' dir='ltr'>telligere,</span> <span class='ocrx_word' id='word_1_408' title='bbox 933 2684 986 2732; x_wconf 86' lang='lat' dir='ltr'>quas</span> <span class='ocrx_word' id='word_1_409' title='bbox 1009 2669 1134 2718; x_wconf 84' lang='lat' dir='ltr'>accrviuo</span> <span class='ocrx_word' id='word_1_410' title='bbox 1153 2669 1231 2715; x_wconf 91' lang='lat' dir='ltr'>colore</span> <span class='ocrx_word' id='word_1_411' title='bbox 1248 2669 1359 2730; x_wconf 72' lang='grc' dir='ltr'><strong><em>καρακιὰς</em></strong></span> 
     </span>
     <span class='ocr_line' id='line_1_36' title="bbox 220 2729 1359 2798; baseline 0.001 -19"><span class='ocrx_word' id='word_1_412' title='bbox 220 2729 266 2776; x_wconf 79' lang='lat' dir='ltr'>fuit</span> <span class='ocrx_word' id='word_1_413' title='bbox 275 2732 327 2795; x_wconf 74' lang='grc' dir='ltr'><strong><em>περὶ</em></strong></span> <span class='ocrx_word' id='word_1_414' title='bbox 338 2733 484 2798; x_wconf 73' lang='grc' dir='ltr'><strong><em>ξενηλασίας,</em></strong></span> <span class='ocrx_word' id='word_1_415' title='bbox 496 2740 522 2781; x_wconf 88' lang='lat' dir='ltr'>et</span> <span class='ocrx_word' id='word_1_416' title='bbox 532 2734 701 2781; x_wconf 86' lang='lat' dir='ltr'>Archilochum</span> <span class='ocrx_word' id='word_1_417' title='bbox 711 2735 771 2796; x_wconf 79' lang='lat' dir='ltr'>po&#39;e&#39;-</span> <span class='ocrx_word' id='word_1_418' title='bbox 803 2731 885 2779; x_wconf 81' lang='lat' dir='ltr'>(lictal</span> <span class='ocrx_word' id='word_1_419' title='bbox 909 2733 1000 2780; x_wconf 74' lang='lat' dir='ltr'>Eodem</span> <span class='ocrx_word' id='word_1_420' title='bbox 1016 2732 1175 2781; x_wconf 77' lang='lat' dir='ltr'>declinatione</span> <span class='ocrx_word' id='word_1_421' title='bbox 1190 2733 1216 2778; x_wconf 88' lang='lat' dir='ltr'>in</span> <span class='ocrx_word' id='word_1_422' title='bbox 1233 2731 1359 2780; x_wconf 79' lang='lat' dir='ltr'>Acheron.</span> 
     </span>
     <span class='ocr_line' id='line_1_37' title="bbox 218 2795 1360 2861; baseline 0.001 -20"><span class='ocrx_word' id='word_1_423' title='bbox 218 2801 269 2841; x_wconf 81' lang='lat' dir='ltr'>tem</span> <span class='ocrx_word' id='word_1_424' title='bbox 279 2797 385 2859; x_wconf 88' lang='lat' dir='ltr'>Spartam</span> <span class='ocrx_word' id='word_1_425' title='bbox 395 2798 527 2859; x_wconf 82' lang='lat' dir='ltr'>ingressum</span> <span class='ocrx_word' id='word_1_426' title='bbox 538 2798 617 2845; x_wconf 85' lang='lat' dir='ltr'>statim</span> <span class='ocrx_word' id='word_1_427' title='bbox 627 2799 772 2859; x_wconf 86' lang='lat' dir='ltr'>expulerunt</span> <span class='ocrx_word' id='word_1_428' title='bbox 803 2799 860 2843; x_wconf 78' lang='lat'><strong>8⁰2.</strong></span> <span class='ocrx_word' id='word_1_429' title='bbox 871 2795 930 2844; x_wconf 82' lang='lat' dir='ltr'>dixit</span> <span class='ocrx_word' id='word_1_430' title='bbox 938 2795 1065 2861; x_wconf 82' lang='grc' dir='ltr'><strong><em>φιβάλεων,</em></strong></span> <span class='ocrx_word' id='word_1_431' title='bbox 1077 2797 1117 2860; x_wconf 92' lang='lat' dir='ltr'>qui</span> <span class='ocrx_word' id='word_1_432' title='bbox 1128 2796 1187 2844; x_wconf 87' lang='lat' dir='ltr'>ficus</span> <span class='ocrx_word' id='word_1_433' title='bbox 1197 2797 1275 2843; x_wconf 88' lang='lat' dir='ltr'>siccus</span> <span class='ocrx_word' id='word_1_434' title='bbox 1287 2805 1360 2843; x_wconf 87' lang='lat' dir='ltr'>estet</span> 
     </span>
     <span class='ocr_line' id='line_1_38' title="bbox 219 2858 1359 2925; baseline 0.001 -20"><span class='ocrx_word' id='word_1_435' title='bbox 219 2860 320 2920; x_wconf 80' lang='lat' dir='ltr'>quaesito</span> <span class='ocrx_word' id='word_1_436' title='bbox 331 2875 443 2908; x_wconf 85' lang='lat' dir='ltr'>versuum</span> <span class='ocrx_word' id='word_1_437' title='bbox 454 2869 578 2924; x_wconf 65' lang='lat' dir='ltr'>praetextu,</span> <span class='ocrx_word' id='word_1_438' title='bbox 596 2862 681 2925; x_wconf 90' lang='lat' dir='ltr'>quibus</span> <span class='ocrx_word' id='word_1_439' title='bbox 692 2861 772 2924; x_wconf 81' lang='lat' dir='ltr'>fugam</span> <span class='ocrx_word' id='word_1_440' title='bbox 803 2860 896 2922; x_wconf 83' lang='lat' dir='ltr'>proprie</span> <span class='ocrx_word' id='word_1_441' title='bbox 918 2860 987 2922; x_wconf 72' lang='grc' dir='ltr'><strong><em>ἰσχὰς</em></strong></span> <span class='ocrx_word' id='word_1_442' title='bbox 1005 2869 1103 2924; x_wconf 88' lang='lat' dir='ltr'>propter</span> <span class='ocrx_word' id='word_1_443' title='bbox 1120 2858 1260 2922; x_wconf 71' lang='grc' dir='ltr'><strong><em>ἰσχνότητα.</em></strong></span> <span class='ocrx_word' id='word_1_444' title='bbox 1293 2859 1359 2907; x_wconf 87' lang='lat' dir='ltr'>Nem</span> 
     </span>
     <span class='ocr_line' id='line_1_39' title="bbox 219 2922 1359 2986; baseline 0.003 -18"><span class='ocrx_word' id='word_1_445' title='bbox 219 2925 445 2986; x_wconf 84' lang='lat' dir='ltr'>mortipraelerebat.</span> <span class='ocrx_word' id='word_1_446' title='bbox 476 2925 546 2972; x_wconf 84' lang='lat' dir='ltr'>Adeo</span> <span class='ocrx_word' id='word_1_447' title='bbox 556 2927 653 2972; x_wconf 83' lang='lat' dir='ltr'>aberent</span> <span class='ocrx_word' id='word_1_448' title='bbox 668 2939 682 2971; x_wconf 87' lang='lat' dir='ltr'>a</span> <span class='ocrx_word' id='word_1_449' title='bbox 699 2927 772 2974; x_wconf 87' lang='lat' dir='ltr'>comi·</span> <span class='ocrx_word' id='word_1_450' title='bbox 803 2922 862 2972; x_wconf 86' lang='lat' dir='ltr'>inde</span> <span class='ocrx_word' id='word_1_451' title='bbox 875 2925 996 2980; x_wconf 73' lang='lat' dir='ltr'>mecilenti</span> <span class='ocrx_word' id='word_1_452' title='bbox 1012 2935 1037 2973; x_wconf 89' lang='lat' dir='ltr'>et</span> <span class='ocrx_word' id='word_1_453' title='bbox 1054 2923 1308 2974; x_wconf 86' lang='lat' dir='ltr'>vescihominesdicti</span> <span class='ocrx_word' id='word_1_454' title='bbox 1319 2934 1359 2986; x_wconf 80' lang='grc' dir='ltr'><strong><em>φι-</em></strong></span> 
     </span>
     <span class='ocr_line' id='line_1_40' title="bbox 218 2987 1360 3051; baseline 0.005 -20"><span class='ocrx_word' id='word_1_455' title='bbox 218 2991 268 3032; x_wconf 80' lang='lat' dir='ltr'>sate</span> <span class='ocrx_word' id='word_1_456' title='bbox 279 2987 322 3034; x_wconf 85' lang='lat' dir='ltr'>illa</span> <span class='ocrx_word' id='word_1_457' title='bbox 331 2989 504 3044; x_wconf 80' lang='lat' dir='ltr'>humaniorum,</span> <span class='ocrx_word' id='word_1_458' title='bbox 524 2989 566 3050; x_wconf 88' lang='lat' dir='ltr'>qui</span> <span class='ocrx_word' id='word_1_459' title='bbox 581 2988 684 3051; x_wconf 89' lang='lat' dir='ltr'>hospitio</span> <span class='ocrx_word' id='word_1_460' title='bbox 695 2990 772 3038; x_wconf 89' lang='lat' dir='ltr'>indul·</span> <span class='ocrx_word' id='word_1_461' title='bbox 803 2990 894 3043; x_wconf 79' lang='grc' dir='ltr'><strong><em>βαλεῖς.</em></strong></span> <span class='ocrx_word' id='word_1_462' title='bbox 911 2989 929 3036; x_wconf 87' lang='lat' dir='ltr'>F</span> <span class='ocrx_word' id='word_1_463' title='bbox 932 3005 955 3037; x_wconf 82' lang='grc' dir='ltr'><strong><em>ι..</em></strong></span> <span class='ocrx_word' id='word_1_464' title='bbox 970 2991 1039 3038; x_wconf 77' lang='lat' dir='ltr'>Crrrc.</span> <span class='ocrx_word' id='word_1_465' title='bbox 1066 2990 1166 3036; x_wconf 86' lang='lat' dir='ltr'>Suidas:</span> <span class='ocrx_word' id='word_1_466' title='bbox 1184 2988 1310 3051; x_wconf 76' lang='grc' dir='ltr'><strong><em>κορόνειις,</em></strong></span> <span class='ocrx_word' id='word_1_467' title='bbox 1329 2989 1360 3038; x_wconf 70' lang='grc' dir='ltr'>ὧν</span> 
     </span>
     <span class='ocr_line' id='line_1_41' title="bbox 220 3050 1361 3114; baseline 0.005 -19"><span class='ocrx_word' id='word_1_468' title='bbox 220 3057 288 3114; x_wconf 75' lang='lat' dir='ltr'>gent,</span> <span class='ocrx_word' id='word_1_469' title='bbox 307 3058 340 3106; x_wconf 88' lang='lat' dir='ltr'>et,</span> <span class='ocrx_word' id='word_1_470' title='bbox 357 3061 385 3099; x_wconf 89' lang='lat' dir='ltr'>ut</span> <span class='ocrx_word' id='word_1_471' title='bbox 394 3053 427 3099; x_wconf 86' lang='lat' dir='ltr'>ait</span> <span class='ocrx_word' id='word_1_472' title='bbox 437 3053 505 3114; x_wconf 84' lang='lat' dir='ltr'>virg.</span> <span class='ocrx_word' id='word_1_473' title='bbox 516 3054 574 3100; x_wconf 85' lang='lat' dir='ltr'>AEn.</span> <span class='ocrx_word' id='word_1_474' title='bbox 584 3054 617 3100; x_wconf 86' lang='lat' dir='ltr'>iv.</span> <span class='ocrx_word' id='word_1_475' title='bbox 628 3057 679 3109; x_wconf 72' lang='lat'>51„</span> <span class='ocrx_word' id='word_1_476' title='bbox 690 3069 772 3102; x_wconf 85' lang='lat' dir='ltr'>causas</span> <span class='ocrx_word' id='word_1_477' title='bbox 801 3051 931 3114; x_wconf 73' lang='grc' dir='ltr'><strong><em>φιβάλεως.</em></strong></span> <span class='ocrx_word' id='word_1_478' title='bbox 941 3053 993 3103; x_wconf 80' lang='grc' dir='ltr'><strong><em>ἔστι</em></strong></span> <span class='ocrx_word' id='word_1_479' title='bbox 1008 3052 1034 3102; x_wconf 76' lang='grc' dir='ltr'>δὲ</span> <span class='ocrx_word' id='word_1_480' title='bbox 1051 3051 1110 3102; x_wconf 78' lang='lat' dir='ltr'>eidos</span> <span class='ocrx_word' id='word_1_481' title='bbox 1129 3054 1206 3110; x_wconf 73' lang='grc' dir='ltr'><strong><em>συκῆς.</em></strong></span> <span class='ocrx_word' id='word_1_482' title='bbox 1225 3050 1316 3109; x_wconf 71' lang='grc' dir='ltr'><strong><em>ταύτην</em></strong></span> <span class='ocrx_word' id='word_1_483' title='bbox 1332 3052 1361 3101; x_wconf 80' lang='grc' dir='ltr'>δὲ</span> 
     </span>
     <span class='ocr_line' id='line_1_42' title="bbox 221 3115 1360 3182; baseline 0.007 -24"><span class='ocrx_word' id='word_1_484' title='bbox 221 3116 330 3162; x_wconf 86' lang='lat' dir='ltr'>morandi</span> <span class='ocrx_word' id='word_1_485' title='bbox 340 3115 471 3164; x_wconf 88' lang='lat' dir='ltr'>innectunt.</span> <span class='ocrx_word' id='word_1_486' title='bbox 481 3117 526 3164; x_wconf 78' lang='lat' dir='ltr'>Fu.</span> <span class='ocrx_word' id='word_1_487' title='bbox 539 3117 607 3164; x_wconf 71' lang='lat' dir='ltr'>cns.</span> <span class='ocrx_word' id='word_1_488' title='bbox 630 3116 688 3164; x_wconf 88' lang='lat' dir='ltr'>Avv.</span> <span class='ocrx_word' id='word_1_489' title='bbox 700 3123 773 3167; x_wconf 77' lang='grc'><strong>1613.</strong></span> <span class='ocrx_word' id='word_1_490' title='bbox 802 3116 843 3165; x_wconf 77' lang='grc' dir='ltr'>καὶ</span> <span class='ocrx_word' id='word_1_491' title='bbox 856 3117 963 3182; x_wconf 75' lang='grc' dir='ltr'><strong><em>κοράκων</em></strong></span> <span class='ocrx_word' id='word_1_492' title='bbox 973 3119 1090 3180; x_wconf 62' lang='grc' dir='ltr'><strong><em>λέγουσιν·</em></strong></span> <span class='ocrx_word' id='word_1_493' title='bbox 1110 3117 1179 3178; x_wconf 73' lang='grc' dir='ltr'><strong><em>ὁγὰρ</em></strong></span> <span class='ocrx_word' id='word_1_494' title='bbox 1189 3116 1274 3179; x_wconf 70' lang='lat' dir='ltr'>capris</span> <span class='ocrx_word' id='word_1_495' title='bbox 1286 3118 1360 3174; x_wconf 63' lang='grc' dir='ltr'><strong><em>αὺιῆι</em></strong></span> 
     </span>
     <span class='ocr_line' id='line_1_43' title="bbox 222 3177 1360 3244; baseline 0.003 -20"><span class='ocrx_word' id='word_1_496' title='bbox 222 3177 300 3242; x_wconf 71' lang='grc' dir='ltr'><strong><em>ὥσπερ</em></strong></span> <span class='ocrx_word' id='word_1_497' title='bbox 311 3181 337 3228; x_wconf 75' lang='grc' dir='ltr'>ἐν</span> <span class='ocrx_word' id='word_1_498' title='bbox 346 3179 499 3241; x_wconf 74' lang='grc' dir='ltr'><strong><em>Λακεδαίμονι</em></strong></span> <span class='ocrx_word' id='word_1_499' title='bbox 509 3183 698 3242; x_wconf 75' lang='grc' dir='ltr'><strong><em>ξενηλατοῦνται.</em></strong></span> <span class='ocrx_word' id='word_1_500' title='bbox 715 3183 772 3231; x_wconf 90' lang='lat' dir='ltr'>Vid.</span> <span class='ocrx_word' id='word_1_501' title='bbox 805 3178 885 3244; x_wconf 80' lang='grc' dir='ltr'><strong><em>κόρακι</em></strong></span> <span class='ocrx_word' id='word_1_502' title='bbox 908 3181 968 3230; x_wconf 81' lang='grc' dir='ltr'><strong><em>ἔοικε</em></strong></span> <span class='ocrx_word' id='word_1_503' title='bbox 990 3183 1051 3232; x_wconf 71' lang='grc' dir='ltr'><strong><em>κατὰ</em></strong></span> <span class='ocrx_word' id='word_1_504' title='bbox 1068 3181 1097 3231; x_wconf 75' lang='grc' dir='ltr'>τό</span> <span class='ocrx_word' id='word_1_505' title='bbox 1121 3184 1212 3243; x_wconf 79' lang='grc' dir='ltr'><strong><em>χρῶμα.</em></strong></span> <span class='ocrx_word' id='word_1_506' title='bbox 1236 3181 1360 3228; x_wconf 75' lang='lat' dir='ltr'>Bassos.</span> 
     </span>
     <span class='ocr_line' id='line_1_44' title="bbox 222 3239 1363 3356; baseline 0.002 -68"><span class='ocrx_word' id='word_1_507' title='bbox 222 3239 303 3305; x_wconf 87' lang='lat' dir='ltr'>Enrip.</span> <span class='ocrx_word' id='word_1_508' title='bbox 321 3243 436 3356; x_wconf 49' lang='lat' dir='ltr'>elindrom.</span> <span class='ocrx_word' id='word_1_509' title='bbox 446 3251 503 3296; x_wconf 80' lang='grc'><strong>446.</strong></span> <span class='ocrx_word' id='word_1_510' title='bbox 515 3260 548 3293; x_wconf 88' lang='lat' dir='ltr'>ss.</span> <span class='ocrx_word' id='word_1_511' title='bbox 560 3245 644 3293; x_wconf 76' lang='lat' dir='ltr'>Bene.</span> <span class='ocrx_word' id='word_1_512' title='bbox 659 3246 774 3296; x_wconf 84' lang='lat' dir='ltr'>Adverss.</span> <span class='ocrx_word' id='word_1_513' title='bbox 806 3245 869 3294; x_wconf 84' lang='lat' dir='ltr'>Rar.</span> <span class='ocrx_word' id='word_1_514' title='bbox 879 3247 1009 3308; x_wconf 84' lang='grc' dir='ltr'><strong><em>κορόναιόν.</em></strong></span> <span class='ocrx_word' id='word_1_515' title='bbox 1025 3247 1081 3296; x_wconf 81' lang='lat' dir='ltr'>vid.</span> <span class='ocrx_word' id='word_1_516' title='bbox 1094 3245 1161 3294; x_wconf 86' lang='lat' dir='ltr'>Pers.</span> <span class='ocrx_word' id='word_1_517' title='bbox 1171 3246 1202 3293; x_wconf 85' lang='lat' dir='ltr'>ed</span> <span class='ocrx_word' id='word_1_518' title='bbox 1213 3245 1273 3292; x_wconf 87' lang='lat' dir='ltr'>Hec.</span> <span class='ocrx_word' id='word_1_519' title='bbox 1287 3250 1363 3294; x_wconf 87' lang='grc'><strong>1161.</strong></span> 
     </span>
     <span class='ocr_line' id='line_1_45' title="bbox 240 3311 973 3362; baseline 0.007 -8"><span class='ocrx_word' id='word_1_520' title='bbox 240 3311 314 3356; x_wconf 49' lang='lat' dir='ltr'>Ast.</span> <span class='ocrx_word' id='word_1_521' title='bbox 347 3325 403 3358; x_wconf 84' lang='lat' dir='ltr'>ons.</span> <span class='ocrx_word' id='word_1_522' title='bbox 824 3311 973 3362; x_wconf 80' lang='lat' dir='ltr'>.78.Poes.</span> 
     </span>
     <span class='ocr_line' id='line_1_46' title="bbox 221 3319 1361 3438; baseline 0.001 -18"><span class='ocrx_word' id='word_1_523' title='bbox 221 3319 238 3369; x_wconf 70' lang='lat' dir='ltr'><strong>p</strong></span> <span class='ocrx_word' id='word_1_524' title='bbox 255 3375 311 3420; x_wconf 86' lang='grc'><strong>616.</strong></span> <span class='ocrx_word' id='word_1_525' title='bbox 327 3372 394 3422; x_wconf 72' lang='grc' dir='ltr'><strong><em>οὐδὲν</em></strong></span> <span class='ocrx_word' id='word_1_526' title='bbox 405 3372 490 3422; x_wconf 73' lang='grc' dir='ltr'><strong><em>αἰτίων.</em></strong></span> <span class='ocrx_word' id='word_1_527' title='bbox 523 3374 563 3421; x_wconf 91' lang='lat' dir='ltr'>Ad</span> <span class='ocrx_word' id='word_1_528' title='bbox 581 3373 699 3436; x_wconf 77' lang='grc' dir='ltr'><strong><em>γεωργοὺς</em></strong></span> <span class='ocrx_word' id='word_1_529' title='bbox 713 3377 772 3424; x_wconf 82' lang='lat' dir='ltr'>refe·</span> <span class='ocrx_word' id='word_1_530' title='bbox 805 3325 894 3423; x_wconf 73' lang='grc' dir='ltr'>Ρ612.</span> <span class='ocrx_word' id='word_1_531' title='bbox 911 3375 975 3436; x_wconf 80' lang='lat' dir='ltr'>Iege</span> <span class='ocrx_word' id='word_1_532' title='bbox 986 3373 1160 3438; x_wconf 70' lang='grc' dir='ltr'><strong><em>τείἘξόκιψαν</em></strong></span> <span class='ocrx_word' id='word_1_533' title='bbox 1174 3373 1204 3432; x_wconf 73' lang='grc' dir='ltr'>ην</span> <span class='ocrx_word' id='word_1_534' title='bbox 1215 3373 1361 3434; x_wconf 51' lang='lat' dir='ltr'>&amp;sceret</span> 
     </span>
     <span class='ocr_line' id='line_1_47' title="bbox 222 3435 1363 3502; baseline 0.004 -21"><span class='ocrx_word' id='word_1_535' title='bbox 222 3435 331 3492; x_wconf 88' lang='lat' dir='ltr'>rendum,</span> <span class='ocrx_word' id='word_1_536' title='bbox 349 3453 407 3499; x_wconf 90' lang='lat' dir='ltr'>quos</span> <span class='ocrx_word' id='word_1_537' title='bbox 425 3438 535 3485; x_wconf 82' lang='lat' dir='ltr'>innoxios</span> <span class='ocrx_word' id='word_1_538' title='bbox 544 3446 622 3494; x_wconf 84' lang='lat' dir='ltr'>vocat,</span> <span class='ocrx_word' id='word_1_539' title='bbox 640 3439 725 3486; x_wconf 88' lang='lat' dir='ltr'>merito</span> <span class='ocrx_word' id='word_1_540' title='bbox 743 3441 773 3486; x_wconf 88' lang='lat' dir='ltr'>ri·</span> <span class='ocrx_word' id='word_1_541' title='bbox 806 3453 850 3486; x_wconf 82' lang='lat' dir='ltr'>oce</span> <span class='ocrx_word' id='word_1_542' title='bbox 862 3437 959 3502; x_wconf 76' lang='grc' dir='ltr'><strong><em>ἐξέθρεψ’</em></strong></span> <span class='ocrx_word' id='word_1_543' title='bbox 971 3440 1028 3499; x_wconf 74' lang='grc' dir='ltr'>ἐγὼ,</span> <span class='ocrx_word' id='word_1_544' title='bbox 1040 3441 1077 3487; x_wconf 85' lang='lat' dir='ltr'>vel</span> <span class='ocrx_word' id='word_1_545' title='bbox 1088 3441 1151 3502; x_wconf 90' lang='lat' dir='ltr'>quod</span> <span class='ocrx_word' id='word_1_546' title='bbox 1162 3440 1363 3499; x_wconf 75' lang='lat' dir='ltr'>verius&#39;qoreocc</span> 
     </span>
     <span class='ocr_line' id='line_1_48' title="bbox 223 3499 1362 3566; baseline 0.004 -21"><span class='ocrx_word' id='word_1_547' title='bbox 223 3499 281 3546; x_wconf 87' lang='lat' dir='ltr'>dens</span> <span class='ocrx_word' id='word_1_548' title='bbox 302 3501 369 3548; x_wconf 86' lang='lat' dir='ltr'>leves</span> <span class='ocrx_word' id='word_1_549' title='bbox 388 3503 504 3549; x_wconf 90' lang='lat' dir='ltr'>bellorum</span> <span class='ocrx_word' id='word_1_550' title='bbox 531 3509 657 3563; x_wconf 75' lang='lat' dir='ltr'>praetextus</span> <span class='ocrx_word' id='word_1_551' title='bbox 677 3510 775 3564; x_wconf 82' lang='lat' dir='ltr'>propter</span> <span class='ocrx_word' id='word_1_552' title='bbox 807 3501 989 3565; x_wconf 76' lang='grc' dir='ltr'><strong><em>κάξεθρΒιιιιτ.</em></strong></span> <span class='ocrx_word' id='word_1_553' title='bbox 1003 3503 1091 3563; x_wconf 61' lang='lat' dir='ltr'>helvis</span> <span class='ocrx_word' id='word_1_554' title='bbox 1106 3503 1220 3564; x_wconf 75' lang='grc' dir='ltr'><strong><em>’φότενσα</em></strong></span> <span class='ocrx_word' id='word_1_555' title='bbox 1237 3503 1362 3566; x_wconf 69' lang='grc' dir='ltr'><strong><em>κάξεθρεψ.</em></strong></span> 
     </span>
     <span class='ocr_line' id='line_1_49' title="bbox 224 3562 1363 3630; baseline 0.004 -23"><span class='ocrx_word' id='word_1_556' title='bbox 224 3562 315 3624; x_wconf 80' lang='lat' dir='ltr'>aliquot</span> <span class='ocrx_word' id='word_1_557' title='bbox 324 3579 383 3612; x_wconf 84' lang='lat' dir='ltr'>uvas</span> <span class='ocrx_word' id='word_1_558' title='bbox 393 3565 431 3611; x_wconf 75' lang='lat' dir='ltr'>rel</span> <span class='ocrx_word' id='word_1_559' title='bbox 441 3566 498 3614; x_wconf 89' lang='lat' dir='ltr'>licus</span> <span class='ocrx_word' id='word_1_560' title='bbox 509 3565 639 3627; x_wconf 78' lang='lat' dir='ltr'>decerptae.</span> <span class='ocrx_word' id='word_1_561' title='bbox 650 3566 694 3612; x_wconf 77' lang='lat' dir='ltr'>Fe.</span> <span class='ocrx_word' id='word_1_562' title='bbox 706 3567 775 3614; x_wconf 75' lang='lat' dir='ltr'>Criu.</span> <span class='ocrx_word' id='word_1_563' title='bbox 807 3566 868 3622; x_wconf 87' lang='lat' dir='ltr'>Quis</span> <span class='ocrx_word' id='word_1_564' title='bbox 878 3581 926 3614; x_wconf 92' lang='lat' dir='ltr'>non</span> <span class='ocrx_word' id='word_1_565' title='bbox 938 3568 1003 3614; x_wconf 86' lang='lat' dir='ltr'>videt</span> <span class='ocrx_word' id='word_1_566' title='bbox 1013 3569 1047 3616; x_wconf 90' lang='lat' dir='ltr'>sio</span> <span class='ocrx_word' id='word_1_567' title='bbox 1055 3567 1104 3630; x_wconf 80' lang='lat' dir='ltr'>legi</span> <span class='ocrx_word' id='word_1_568' title='bbox 1113 3567 1216 3616; x_wconf 83' lang='lat' dir='ltr'>deberei</span> <span class='ocrx_word' id='word_1_569' title='bbox 1241 3567 1363 3613; x_wconf 86' lang='lat' dir='ltr'>Mendosa</span> 
     </span>
     <span class='ocr_line' id='line_1_50' title="bbox 224 3625 1363 3694; baseline 0.005 -22"><span class='ocrx_word' id='word_1_570' title='bbox 224 3625 312 3686; x_wconf 69' lang='grc' dir='ltr'><strong><em>ἀνδρῶν</em></strong></span> <span class='ocrx_word' id='word_1_571' title='bbox 329 3644 373 3688; x_wconf 75' lang='grc' dir='ltr'>γει</span> <span class='ocrx_word' id='word_1_572' title='bbox 397 3629 450 3689; x_wconf 83' lang='lat' dir='ltr'>lege</span> <span class='ocrx_word' id='word_1_573' title='bbox 471 3631 589 3690; x_wconf 74' lang='grc' dir='ltr'><strong><em>γεωργῶν.</em></strong></span> <span class='ocrx_word' id='word_1_574' title='bbox 609 3630 691 3677; x_wconf 83' lang='grc' dir='ltr'><strong><em>Βιιιιτ.</em></strong></span> <span class='ocrx_word' id='word_1_575' title='bbox 709 3630 776 3680; x_wconf 75' lang='grc' dir='ltr'><strong><em>οὐδὲν</em></strong></span> <span class='ocrx_word' id='word_1_576' title='bbox 807 3639 845 3677; x_wconf 83' lang='lat' dir='ltr'>cst</span> <span class='ocrx_word' id='word_1_577' title='bbox 862 3631 973 3678; x_wconf 85' lang='lat' dir='ltr'>librorum</span> <span class='ocrx_word' id='word_1_578' title='bbox 989 3631 1092 3678; x_wconf 87' lang='lat' dir='ltr'>omniurn</span> <span class='ocrx_word' id='word_1_579' title='bbox 1112 3633 1193 3694; x_wconf 89' lang='lat' dir='ltr'>lectio,</span> <span class='ocrx_word' id='word_1_580' title='bbox 1209 3629 1239 3688; x_wconf 73' lang='grc' dir='ltr'>ἣν</span> <span class='ocrx_word' id='word_1_581' title='bbox 1256 3631 1306 3689; x_wconf 69' lang='grc' dir='ltr'>ἐγὼ</span> <span class='ocrx_word' id='word_1_582' title='bbox 1317 3638 1363 3690; x_wconf 78' lang='grc' dir='ltr'>φν-</span> 
     </span>
     <span class='ocr_line' id='line_1_51' title="bbox 223 3687 1364 3759; baseline 0.003 -22"><span class='ocrx_word' id='word_1_583' title='bbox 223 3687 303 3757; x_wconf 74' lang='lat' dir='ltr'>cirion</span> <span class='ocrx_word' id='word_1_584' title='bbox 313 3709 357 3755; x_wconf 83' lang='grc' dir='ltr'><strong><em>περ</em></strong></span> <span class='ocrx_word' id='word_1_585' title='bbox 367 3690 460 3753; x_wconf 74' lang='grc' dir='ltr'><strong><em>ἀνδρῶν.</em></strong></span> <span class='ocrx_word' id='word_1_586' title='bbox 502 3693 541 3740; x_wconf 88' lang='lat' dir='ltr'>Sic</span> <span class='ocrx_word' id='word_1_587' title='bbox 551 3693 582 3740; x_wconf 91' lang='lat' dir='ltr'>ad</span> <span class='ocrx_word' id='word_1_588' title='bbox 594 3694 662 3740; x_wconf 85' lang='lat' dir='ltr'>metri</span> <span class='ocrx_word' id='word_1_589' title='bbox 672 3709 777 3742; x_wconf 85' lang='lat' dir='ltr'>normam</span> <span class='ocrx_word' id='word_1_590' title='bbox 807 3693 1064 3759; x_wconf 72' lang='grc' dir='ltr'><strong><em>τεόααιέξεθρεψόμην.</em></strong></span> <span class='ocrx_word' id='word_1_591' title='bbox 1097 3695 1221 3744; x_wconf 80' lang='lat' dir='ltr'>Cl&#39;audicat</span> <span class='ocrx_word' id='word_1_592' title='bbox 1239 3709 1320 3742; x_wconf 69' lang='lat' dir='ltr'>remus</span> <span class='ocrx_word' id='word_1_593' title='bbox 1337 3695 1364 3740; x_wconf 87' lang='lat' dir='ltr'>in</span> 
     </span>
     <span class='ocr_line' id='line_1_52' title="bbox 185 3750 1364 3823; baseline 0.002 -21"><span class='ocrx_word' id='word_1_594' title='bbox 185 3803 188 3814; x_wconf 69' lang='grc'><strong>,</strong></span> <span class='ocrx_word' id='word_1_595' title='bbox 224 3753 360 3816; x_wconf 78' lang='lat' dir='ltr'>legendnm.</span> <span class='ocrx_word' id='word_1_596' title='bbox 401 3750 517 3803; x_wconf 80' lang='lat' dir='ltr'>Mandose</span> <span class='ocrx_word' id='word_1_597' title='bbox 532 3757 556 3802; x_wconf 93' lang='lat' dir='ltr'>in</span> <span class='ocrx_word' id='word_1_598' title='bbox 575 3757 641 3803; x_wconf 89' lang='lat' dir='ltr'>libris</span> <span class='ocrx_word' id='word_1_599' title='bbox 659 3758 775 3815; x_wconf 83' lang='lat' dir='ltr'>omnibus,</span> <span class='ocrx_word' id='word_1_600' title='bbox 808 3759 891 3820; x_wconf 89' lang='lat' dir='ltr'>quinto</span> <span class='ocrx_word' id='word_1_601' title='bbox 902 3761 972 3823; x_wconf 89' lang='lat' dir='ltr'>pede.</span> <span class='ocrx_word' id='word_1_602' title='bbox 1005 3760 1364 3821; x_wconf 73' lang='lat' dir='ltr'>Emendationemprreceperst</span> 
     </span>
     <span class='ocr_line' id='line_1_53' title="bbox 226 3818 1364 3886; baseline 0.001 -20"><span class='ocrx_word' id='word_1_603' title='bbox 226 3818 293 3868; x_wconf 73' lang='grc' dir='ltr'><strong><em>οὐδὲν</em></strong></span> <span class='ocrx_word' id='word_1_604' title='bbox 313 3820 392 3870; x_wconf 61' lang='grc' dir='ltr'><strong><em>αἰτίαν</em></strong></span> <span class='ocrx_word' id='word_1_605' title='bbox 412 3819 500 3882; x_wconf 73' lang='grc' dir='ltr'><strong><em>ανδρων</em></strong></span> <span class='ocrx_word' id='word_1_606' title='bbox 522 3837 560 3880; x_wconf 80' lang='grc' dir='ltr'>γε.</span> <span class='ocrx_word' id='word_1_607' title='bbox 604 3821 633 3866; x_wconf 83' lang='grc' dir='ltr'><strong><em>Ιιι</em></strong></span> <span class='ocrx_word' id='word_1_608' title='bbox 654 3821 684 3869; x_wconf 85' lang='grc' dir='ltr'>Β.</span> <span class='ocrx_word' id='word_1_609' title='bbox 705 3823 775 3884; x_wconf 79' lang='lat' dir='ltr'>piune</span> <span class='ocrx_word' id='word_1_610' title='bbox 809 3821 905 3871; x_wconf 83' lang='lat' dir='ltr'>Dawes.</span> <span class='ocrx_word' id='word_1_611' title='bbox 924 3824 1008 3886; x_wconf 75' lang='lat' dir='ltr'>[Mire.</span> <span class='ocrx_word' id='word_1_612' title='bbox 1020 3823 1212 3886; x_wconf 69' lang='lat' dir='ltr'>crispetur.</span> <span class='ocrx_word' id='word_1_613' title='bbox 1224 3821 1364 3885; x_wconf 83' lang='lat' dir='ltr'>quividite</span> 
     </span>
     <span class='ocr_line' id='line_1_54' title="bbox 225 3884 1364 3949; baseline 0.001 -19"><span class='ocrx_word' id='word_1_614' title='bbox 225 3884 313 3932; x_wconf 87' lang='lat' dir='ltr'>omissa</span> <span class='ocrx_word' id='word_1_615' title='bbox 332 3885 415 3932; x_wconf 89' lang='lat' dir='ltr'>ultima</span> <span class='ocrx_word' id='word_1_616' title='bbox 441 3884 565 3947; x_wconf 79' lang='lat' dir='ltr'>particule,</span> <span class='ocrx_word' id='word_1_617' title='bbox 591 3885 675 3932; x_wconf 90' lang='lat' dir='ltr'>mutilo</span> <span class='ocrx_word' id='word_1_618' title='bbox 700 3901 776 3934; x_wconf 84' lang='lat' dir='ltr'>versu.</span> <span class='ocrx_word' id='word_1_619' title='bbox 808 3885 871 3949; x_wconf 82' lang='lat' dir='ltr'>vuig-</span> <span class='ocrx_word' id='word_1_620' title='bbox 880 3887 998 3949; x_wconf 75' lang='grc' dir='ltr'><strong><em>φυτεύσαι</em></strong></span> <span class='ocrx_word' id='word_1_621' title='bbox 1008 3889 1138 3949; x_wconf 88' lang='lat' dir='ltr'>spondeum</span> <span class='ocrx_word' id='word_1_622' title='bbox 1154 3889 1271 3948; x_wconf 79' lang='lat' dir='ltr'>occupare</span> <span class='ocrx_word' id='word_1_623' title='bbox 1291 3886 1364 3946; x_wconf 90' lang='lat' dir='ltr'>quin-</span> 
     </span>
    </p>
   </div>
   <div class='ocr_carea' id='block_1_7' title="bbox 226 3941 1456 4014">
    <p class='ocr_par' dir='ltr' id='par_1_8' title="bbox 226 3941 1456 4014">
     <span class='ocr_line' id='line_1_55' title="bbox 226 3941 1456 4014; baseline -0.001 -20"><span class='ocrx_word' id='word_1_624' title='bbox 226 3945 447 4010; x_wconf 62' lang='lat' dir='ltr'>Bessosque.</span> <span class='ocrx_word' id='word_1_625' title='bbox 480 3941 582 3996; x_wconf 86' lang='lat' dir='ltr'>Videtur</span> <span class='ocrx_word' id='word_1_626' title='bbox 594 3949 674 3996; x_wconf 89' lang='lat' dir='ltr'>ludere</span> <span class='ocrx_word' id='word_1_627' title='bbox 690 3949 716 3996; x_wconf 89' lang='lat' dir='ltr'>in</span> <span class='ocrx_word' id='word_1_628' title='bbox 734 3965 776 4012; x_wconf 90' lang='lat' dir='ltr'>pa·</span> <span class='ocrx_word' id='word_1_629' title='bbox 808 3957 856 3997; x_wconf 86' lang='lat' dir='ltr'>tam</span> <span class='ocrx_word' id='word_1_630' title='bbox 867 3953 980 4000; x_wconf 89' lang='lat' dir='ltr'>trochaici</span> <span class='ocrx_word' id='word_1_631' title='bbox 989 3952 1078 3999; x_wconf 89' lang='lat' dir='ltr'>sedem.</span> <span class='ocrx_word' id='word_1_632' title='bbox 1089 3951 1184 4014; x_wconf 73' lang='lat' dir='ltr'>Duru]</span> <span class='ocrx_word' id='word_1_633' title='bbox 1201 3949 1365 3996; x_wconf 72' lang='lat' dir='ltr'>confirmatam</span> <span class='ocrx_word' id='word_1_634' title='bbox 1455 3986 1456 3993; x_wconf 71' lang='grc'>,</span> 
     </span>
    </p>
   </div>
   <div class='ocr_carea' id='block_1_8' title="bbox 222 4009 1372 4470">
    <p class='ocr_par' dir='ltr' id='par_1_9' title="bbox 222 4009 1370 4332">
     <span class='ocr_line' id='line_1_56' title="bbox 222 4009 1365 4080; baseline 0.002 -20"><span class='ocrx_word' id='word_1_635' title='bbox 222 4013 359 4080; x_wconf 25' lang='grc' dir='ltr'><strong><em>’κοαοιαιιεία</em></strong></span> <span class='ocrx_word' id='word_1_636' title='bbox 375 4011 443 4074; x_wconf 77' lang='grc' dir='ltr'><strong><em>κέρδη</em></strong></span> <span class='ocrx_word' id='word_1_637' title='bbox 462 4019 487 4058; x_wconf 86' lang='lat' dir='ltr'>et</span> <span class='ocrx_word' id='word_1_638' title='bbox 505 4009 584 4072; x_wconf 80' lang='grc' dir='ltr'><strong><em>κράδη.</em></strong></span> <span class='ocrx_word' id='word_1_639' title='bbox 617 4012 678 4059; x_wconf 83' lang='lat' dir='ltr'>Sunt</span> <span class='ocrx_word' id='word_1_640' title='bbox 698 4022 776 4062; x_wconf 89' lang='lat' dir='ltr'>autern</span> <span class='ocrx_word' id='word_1_641' title='bbox 809 4014 930 4076; x_wconf 87' lang='lat' dir='ltr'>Euripidis</span> <span class='ocrx_word' id='word_1_642' title='bbox 941 4015 1122 4062; x_wconf 84' lang='lat' dir='ltr'>rersuinllled.</span> <span class='ocrx_word' id='word_1_643' title='bbox 1132 4019 1205 4064; x_wconf 76' lang='lat' dir='ltr'>leto.</span> <span class='ocrx_word' id='word_1_644' title='bbox 1224 4013 1252 4060; x_wconf 73' lang='lat' dir='ltr'>od</span> <span class='ocrx_word' id='word_1_645' title='bbox 1267 4015 1365 4076; x_wconf 64' lang='grc' dir='ltr'>παῖδας,</span> 
     </span>
     <span class='ocr_line' id='line_1_57' title="bbox 227 4074 1368 4202; baseline 0.003 -15"><span class='ocrx_word' id='word_1_646' title='bbox 227 4074 778 4202; x_wconf 48' lang='lat' dir='ltr'>itiitflttttt&#39;tliittt[limiti</span> <span class='ocrx_word' id='word_1_647' title='bbox 809 4077 1368 4192; x_wconf 53' lang='lat' dir='ltr'>thittntl‘ittl‘tltsstllfitstil</span> 
     </span>
     <span class='ocr_line' id='line_1_58' title="bbox 226 4174 1370 4271; baseline 0.002 -21"><span class='ocrx_word' id='word_1_648' title='bbox 226 4205 258 4253; x_wconf 84' lang='lat' dir='ltr'>xi.</span> <span class='ocrx_word' id='word_1_649' title='bbox 271 4205 324 4268; x_wconf 76' lang='lat' dir='ltr'>tu]</span> <span class='ocrx_word' id='word_1_650' title='bbox 346 4205 412 4268; x_wconf 88' lang='lat' dir='ltr'>cujus</span> <span class='ocrx_word' id='word_1_651' title='bbox 430 4206 534 4252; x_wconf 80' lang='lat' dir='ltr'>fructum</span> <span class='ocrx_word' id='word_1_652' title='bbox 551 4211 613 4261; x_wconf 88' lang='lat' dir='ltr'>sunt,</span> <span class='ocrx_word' id='word_1_653' title='bbox 632 4206 672 4266; x_wconf 91' lang='lat' dir='ltr'>qui</span> <span class='ocrx_word' id='word_1_654' title='bbox 691 4174 779 4267; x_wconf 57' lang='grc' dir='ltr'><strong><em>ἐρινεόν</em></strong></span> <span class='ocrx_word' id='word_1_655' title='bbox 809 4180 898 4256; x_wconf 58' lang='lat' dir='ltr'>redeas,</span> <span class='ocrx_word' id='word_1_656' title='bbox 913 4176 1075 4271; x_wconf 73' lang='grc' dir='ltr'><strong><em>ἐξεθρεψάμην.</em></strong></span> <span class='ocrx_word' id='word_1_657' title='bbox 1108 4175 1178 4256; x_wconf 65' lang='lat' dir='ltr'>coint.</span> <span class='ocrx_word' id='word_1_658' title='bbox 1197 4205 1281 4267; x_wconf 86' lang='lat' dir='ltr'>Eurip.</span> <span class='ocrx_word' id='word_1_659' title='bbox 1295 4176 1370 4252; x_wconf 64' lang='lat' dir='ltr'>uteo.</span> 
     </span>
     <span class='ocr_line' id='line_1_59' title="bbox 227 4267 1085 4332; baseline 0.007 -19"><span class='ocrx_word' id='word_1_660' title='bbox 227 4277 314 4316; x_wconf 86' lang='lat' dir='ltr'>vocent</span> <span class='ocrx_word' id='word_1_661' title='bbox 322 4271 363 4316; x_wconf 89' lang='lat' dir='ltr'>vel</span> <span class='ocrx_word' id='word_1_662' title='bbox 373 4268 478 4330; x_wconf 75' lang='grc' dir='ltr'><strong><em>όλυνόαν.</em></strong></span> <span class='ocrx_word' id='word_1_663' title='bbox 500 4267 588 4332; x_wconf 68' lang='lat' dir='ltr'>Aptera</span> <span class='ocrx_word' id='word_1_664' title='bbox 597 4282 654 4316; x_wconf 86' lang='lat' dir='ltr'>vero</span> <span class='ocrx_word' id='word_1_665' title='bbox 666 4277 778 4318; x_wconf 83' lang='lat' dir='ltr'>vocantur</span> <span class='ocrx_word' id='word_1_666' title='bbox 811 4275 882 4319; x_wconf 77' lang='grc'><strong>1646.</strong></span> <span class='ocrx_word' id='word_1_667' title='bbox 892 4271 991 4319; x_wconf 91' lang='lat' dir='ltr'>Porson.</span> <span class='ocrx_word' id='word_1_668' title='bbox 1002 4271 1085 4319; x_wconf 78' lang='lat' dir='ltr'>Dino.</span> 
     </span>
    </p>

    <p class='ocr_par' dir='ltr' id='par_1_10' title="bbox 226 4330 1372 4470">
     <span class='ocr_line' id='line_1_60' title="bbox 226 4330 1370 4398; baseline -0.001 -17"><span class='ocrx_word' id='word_1_669' title='bbox 226 4333 338 4392; x_wconf 78' lang='lat' dir='ltr'>frondes3</span> <span class='ocrx_word' id='word_1_670' title='bbox 357 4336 418 4382; x_wconf 88' lang='lat' dir='ltr'>unde</span> <span class='ocrx_word' id='word_1_671' title='bbox 430 4333 574 4398; x_wconf 74' lang='grc' dir='ltr'><strong><em>κραδοφάηος</em></strong></span> <span class='ocrx_word' id='word_1_672' title='bbox 586 4345 682 4381; x_wconf 79' lang='lat' dir='ltr'>auctore</span> <span class='ocrx_word' id='word_1_673' title='bbox 697 4330 777 4398; x_wconf 78' lang='lat' dir='ltr'>Hesy-</span> <span class='ocrx_word' id='word_1_674' title='bbox 841 4339 898 4383; x_wconf 72' lang='lat' dir='ltr'>ott,</span> <span class='ocrx_word' id='word_1_675' title='bbox 916 4335 981 4398; x_wconf 82' lang='lat' dir='ltr'>Lege</span> <span class='ocrx_word' id='word_1_676' title='bbox 997 4335 1015 4383; x_wconf 73' lang='grc' dir='ltr'><strong><em>ὦ</em></strong></span> <span class='ocrx_word' id='word_1_677' title='bbox 1030 4334 1082 4395; x_wconf 82' lang='grc' dir='ltr'>μέλ’</span> <span class='ocrx_word' id='word_1_678' title='bbox 1095 4333 1188 4383; x_wconf 74' lang='grc' dir='ltr'><strong><em>ἐνδίκως</em></strong></span> <span class='ocrx_word' id='word_1_679' title='bbox 1198 4349 1227 4394; x_wconf 73' lang='grc' dir='ltr'>γε</span> <span class='ocrx_word' id='word_1_680' title='bbox 1239 4335 1291 4390; x_wconf 62' lang='grc' dir='ltr'>δῆτ’</span> <span class='ocrx_word' id='word_1_681' title='bbox 1306 4334 1370 4382; x_wconf 63' lang='lat' dir='ltr'>enei.</span> 
     </span>
     <span class='ocr_line' id='line_1_61' title="bbox 228 4397 1372 4470; baseline 0 -26"><span class='ocrx_word' id='word_1_682' title='bbox 228 4398 282 4446; x_wconf 82' lang='lat' dir='ltr'>chio</span> <span class='ocrx_word' id='word_1_683' title='bbox 293 4398 407 4461; x_wconf 74' lang='grc' dir='ltr'><strong><em>ἀγροῖκος.</em></strong></span> <span class='ocrx_word' id='word_1_684' title='bbox 440 4399 514 4464; x_wconf 85' lang='lat' dir='ltr'>Apud</span> <span class='ocrx_word' id='word_1_685' title='bbox 531 4399 652 4470; x_wconf 80' lang='lat' dir='ltr'>Tireophr.</span> <span class='ocrx_word' id='word_1_686' title='bbox 671 4398 696 4445; x_wconf 93' lang='lat' dir='ltr'>in</span> <span class='ocrx_word' id='word_1_687' title='bbox 715 4398 778 4446; x_wconf 85' lang='lat' dir='ltr'>Hist.</span> <span class='ocrx_word' id='word_1_688' title='bbox 810 4397 891 4447; x_wconf 81' lang='lat' dir='ltr'>Bnur.</span> <span class='ocrx_word' id='word_1_689' title='bbox 908 4401 936 4458; x_wconf 81' lang='grc' dir='ltr'>νὴ</span> <span class='ocrx_word' id='word_1_690' title='bbox 954 4397 1105 4460; x_wconf 72' lang='grc' dir='ltr'>Δό’,ὢμε’λ’,</span> <span class='ocrx_word' id='word_1_691' title='bbox 1118 4397 1285 4461; x_wconf 61' lang='lat' dir='ltr'>ivelcester,</span> <span class='ocrx_word' id='word_1_692' title='bbox 1306 4400 1372 4457; x_wconf 69' lang='grc' dir='ltr'>εἴγε</span> 
     </span>
    </p>
   </div>
   <div class='ocr_carea' id='block_1_9' title="bbox 0 0 1472 4904">
    <p class='ocr_par' dir='ltr' id='par_1_11' title="bbox 0 0 1472 4904">
     <span class='ocr_line' id='line_1_62' title="bbox 0 0 1472 4904; baseline 0 0"><span class='ocrx_word' id='word_1_693' title='bbox 0 0 1472 4904; x_wconf 95' lang='lat' dir='ltr'> </span> 
     </span>
    </p>
   </div>
  </div>
 </body>
</html>
