<?xml version="1.0" encoding="UTF-8"?>
<!DOCTYPE html PUBLIC "-//W3C//DTD XHTML 1.0 Transitional//EN"
    "http://www.w3.org/TR/xhtml1/DTD/xhtml1-transitional.dtd">
<html xmlns="http://www.w3.org/1999/xhtml" xml:lang="en" lang="en">
 <head>
  <title>
</title>
<meta http-equiv="Content-Type" content="text/html;charset=utf-8" />
  <meta name='ocr-system' content='tesseract 3.04.00' />
  <meta name='ocr-capabilities' content='ocr_page ocr_carea ocr_par ocr_line ocrx_word'/>
</head>
<body>
  <div class='ocr_page' id='page_1' title='image "./notinaristophan00brungoog/notinaristophan00brungoog_0358.png"; bbox 0 0 2904 4908; ppageno 0'>
   <div class='ocr_carea' id='block_1_1' title="bbox 245 413 1369 496">
    <p class='ocr_par' dir='ltr' id='par_1_1' title="bbox 245 413 1369 496">
     <span class='ocr_line' id='line_1_1' title="bbox 245 413 1369 496; baseline -0.004 -13"><span class='ocrx_word' id='word_1_1' title='bbox 245 426 306 484; x_wconf 76' lang='lat' dir='ltr'>sao</span> <span class='ocrx_word' id='word_1_2' title='bbox 449 487 452 496; x_wconf 18' lang='grc' dir='ltr'>λ</span> <span class='ocrx_word' id='word_1_3' title='bbox 522 417 648 481; x_wconf 80' lang='lat' dir='ltr'>noun</span> <span class='ocrx_word' id='word_1_4' title='bbox 667 417 712 480; x_wconf 76' lang='lat' dir='ltr'>na</span> <span class='ocrx_word' id='word_1_5' title='bbox 733 416 1073 484; x_wconf 78' lang='lat' dir='ltr'>norsroeunasn.</span> <span class='ocrx_word' id='word_1_6' title='bbox 1161 413 1215 496; x_wconf 77' lang='lat' dir='ltr'>[v.</span> <span class='ocrx_word' id='word_1_7' title='bbox 1232 421 1369 488; x_wconf 66' lang='lat' dir='ltr'>reason.</span> 
     </span>
    </p>
   </div>
   <div class='ocr_carea' id='block_1_2' title="bbox 116 569 1434 4520">
    <p class='ocr_par' dir='ltr' id='par_1_2' title="bbox 244 569 1434 1547">
     <span class='ocr_line' id='line_1_2' title="bbox 246 569 1434 646; baseline -0.003 -18"><span class='ocrx_word' id='word_1_8' title='bbox 246 591 304 628; x_wconf 81' lang='lat' dir='ltr'>mox</span> <span class='ocrx_word' id='word_1_9' title='bbox 321 577 452 644; x_wconf 74' lang='lat' dir='ltr'>sujuntms</span> <span class='ocrx_word' id='word_1_10' title='bbox 465 585 509 628; x_wconf 82' lang='lat' dir='ltr'>est.</span> <span class='ocrx_word' id='word_1_11' title='bbox 530 579 562 628; x_wconf 84' lang='lat' dir='ltr'>V.</span> <span class='ocrx_word' id='word_1_12' title='bbox 578 579 658 629; x_wconf 81' lang='lat' dir='ltr'>Schol.</span> <span class='ocrx_word' id='word_1_13' title='bbox 674 577 794 630; x_wconf 80' lang='lat' dir='ltr'>Bsnser.</span> <span class='ocrx_word' id='word_1_14' title='bbox 825 580 900 646; x_wconf 77' lang='lat' dir='ltr'>leges,</span> <span class='ocrx_word' id='word_1_15' title='bbox 916 577 935 629; x_wconf 76' lang='grc'><strong>0</strong></span> <span class='ocrx_word' id='word_1_16' title='bbox 952 579 1066 644; x_wconf 80' lang='grc' dir='ltr'>φίλταται</span> <span class='ocrx_word' id='word_1_17' title='bbox 1087 578 1206 640; x_wconf 61' lang='lat' dir='ltr'>menites,</span> <span class='ocrx_word' id='word_1_18' title='bbox 1233 573 1252 624; x_wconf 74' lang='grc' dir='ltr'><strong>ὃ</strong></span> <span class='ocrx_word' id='word_1_19' title='bbox 1276 575 1370 640; x_wconf 74' lang='grc' dir='ltr'>κερίμαν</span> <span class='ocrx_word' id='word_1_20' title='bbox 1433 569 1434 608; x_wconf 72' lang='lat'>1</span> 
     </span>
     <span class='ocr_line' id='line_1_3' title="bbox 247 641 1371 708; baseline -0.003 -16"><span class='ocrx_word' id='word_1_21' title='bbox 247 642 404 704; x_wconf 73' lang='grc' dir='ltr'>ίκτεμοίμεθα.</span> <span class='ocrx_word' id='word_1_22' title='bbox 430 643 470 692; x_wconf 84' lang='lat' dir='ltr'>De</span> <span class='ocrx_word' id='word_1_23' title='bbox 492 644 632 694; x_wconf 75' lang='lat' dir='ltr'><strong>castratione</strong></span> <span class='ocrx_word' id='word_1_24' title='bbox 646 652 733 708; x_wconf 81' lang='lat' dir='ltr'>praeter</span> <span class='ocrx_word' id='word_1_25' title='bbox 754 661 792 692; x_wconf 81' lang='lat' dir='ltr'>er·</span> <span class='ocrx_word' id='word_1_26' title='bbox 826 645 889 694; x_wconf 79' lang='grc' dir='ltr'>δοοε.</span> <span class='ocrx_word' id='word_1_27' title='bbox 921 645 990 693; x_wconf 92' lang='lat' dir='ltr'>Dicit</span> <span class='ocrx_word' id='word_1_28' title='bbox 999 653 1078 692; x_wconf 84' lang='lat' dir='ltr'>sutem</span> <span class='ocrx_word' id='word_1_29' title='bbox 1087 645 1141 697; x_wconf 88' lang='lat' dir='ltr'>hoc,</span> <span class='ocrx_word' id='word_1_30' title='bbox 1152 641 1330 706; x_wconf 83' lang='lat' dir='ltr'>qniapoculurn</span> <span class='ocrx_word' id='word_1_31' title='bbox 1340 651 1371 689; x_wconf 85' lang='lat' dir='ltr'>est</span> 
     </span>
     <span class='ocr_line' id='line_1_4' title="bbox 247 704 1434 773; baseline -0.003 -16"><span class='ocrx_word' id='word_1_32' title='bbox 247 710 417 772; x_wconf 83' lang='lat' dir='ltr'>spectationem</span> <span class='ocrx_word' id='word_1_33' title='bbox 426 723 469 772; x_wconf 90' lang='lat' dir='ltr'>pro</span> <span class='ocrx_word' id='word_1_34' title='bbox 477 707 611 770; x_wconf 83' lang='grc' dir='ltr'>τιμαίμιθα.</span> <span class='ocrx_word' id='word_1_35' title='bbox 644 709 741 758; x_wconf 85' lang='lat' dir='ltr'>Dicitur</span> <span class='ocrx_word' id='word_1_36' title='bbox 751 724 793 756; x_wconf 87' lang='lat' dir='ltr'>au·</span> <span class='ocrx_word' id='word_1_37' title='bbox 826 725 934 773; x_wconf 73' lang='lat' dir='ltr'>magnum</span> <span class='ocrx_word' id='word_1_38' title='bbox 956 717 990 764; x_wconf 89' lang='lat' dir='ltr'>et,</span> <span class='ocrx_word' id='word_1_39' title='bbox 1010 715 1037 756; x_wconf 89' lang='lat' dir='ltr'>ut</span> <span class='ocrx_word' id='word_1_40' title='bbox 1053 709 1087 756; x_wconf 85' lang='lat' dir='ltr'>ait</span> <span class='ocrx_word' id='word_1_41' title='bbox 1104 709 1184 756; x_wconf 84' lang='lat' dir='ltr'>Schol.</span> <span class='ocrx_word' id='word_1_42' title='bbox 1218 706 1250 754; x_wconf 72' lang='lat' dir='ltr'>ds</span> <span class='ocrx_word' id='word_1_43' title='bbox 1269 704 1371 766; x_wconf 72' lang='grc' dir='ltr'>μεγάλην</span> <span class='ocrx_word' id='word_1_44' title='bbox 1433 717 1434 758; x_wconf 67' lang='lat'><em>3</em></span> 
     </span>
     <span class='ocr_line' id='line_1_5' title="bbox 245 770 1434 836; baseline -0.003 -14"><span class='ocrx_word' id='word_1_45' title='bbox 245 780 295 822; x_wconf 82' lang='lat' dir='ltr'>tem</span> <span class='ocrx_word' id='word_1_46' title='bbox 311 771 381 834; x_wconf 80' lang='grc' dir='ltr'>τίμια</span> <span class='ocrx_word' id='word_1_47' title='bbox 396 772 562 836; x_wconf 75' lang='grc' dir='ltr'>τίμνειναροά</span> <span class='ocrx_word' id='word_1_48' title='bbox 575 775 659 821; x_wconf 84' lang='lat' dir='ltr'>AEsch.</span> <span class='ocrx_word' id='word_1_49' title='bbox 677 773 707 821; x_wconf 88' lang='lat' dir='ltr'>de</span> <span class='ocrx_word' id='word_1_50' title='bbox 725 772 794 820; x_wconf 83' lang='lat' dir='ltr'>Falsa</span> <span class='ocrx_word' id='word_1_51' title='bbox 827 774 898 834; x_wconf 70' lang='grc' dir='ltr'>οὔσης</span> <span class='ocrx_word' id='word_1_52' title='bbox 913 775 957 832; x_wconf 71' lang='grc' dir='ltr'>τῆς</span> <span class='ocrx_word' id='word_1_53' title='bbox 972 772 1067 822; x_wconf 73' lang='grc' dir='ltr'>κύλικος</span> <span class='ocrx_word' id='word_1_54' title='bbox 1082 771 1166 832; x_wconf 76' lang='grc' dir='ltr'>παίζει.</span> <span class='ocrx_word' id='word_1_55' title='bbox 1194 770 1243 818; x_wconf 87' lang='lat' dir='ltr'>Ed.</span> <span class='ocrx_word' id='word_1_56' title='bbox 1260 770 1317 817; x_wconf 84' lang='lat' dir='ltr'>Far.</span> <span class='ocrx_word' id='word_1_57' title='bbox 1329 783 1371 818; x_wconf 86' lang='lat' dir='ltr'>nou</span> <span class='ocrx_word' id='word_1_58' title='bbox 1433 787 1434 834; x_wconf 59' lang='lat'>7</span> 
     </span>
     <span class='ocr_line' id='line_1_6' title="bbox 246 836 1434 904; baseline -0.004 -18"><span class='ocrx_word' id='word_1_59' title='bbox 246 837 657 901; x_wconf 76' lang='lat' dir='ltr'>Legatione.Bnao·lrr.utKust.</span> <span class='ocrx_word' id='word_1_60' title='bbox 668 837 794 886; x_wconf 79' lang='lat' dir='ltr'>MnTrin.</span> <span class='ocrx_word' id='word_1_61' title='bbox 826 837 943 904; x_wconf 78' lang='grc' dir='ltr'>κεραμίων</span> <span class='ocrx_word' id='word_1_62' title='bbox 953 839 1035 894; x_wconf 80' lang='lat' dir='ltr'>habet,</span> <span class='ocrx_word' id='word_1_63' title='bbox 1044 839 1060 884; x_wconf 92' lang='lat' dir='ltr'>i.</span> <span class='ocrx_word' id='word_1_64' title='bbox 1073 853 1095 884; x_wconf 88' lang='lat' dir='ltr'>e.</span> <span class='ocrx_word' id='word_1_65' title='bbox 1100 837 1243 902; x_wconf 63' lang='lat' dir='ltr'>morum,</span> <span class='ocrx_word' id='word_1_66' title='bbox 1255 836 1298 881; x_wconf 84' lang='lat' dir='ltr'>sed</span> <span class='ocrx_word' id='word_1_67' title='bbox 1313 851 1372 898; x_wconf 83' lang='grc' dir='ltr'>κερα-</span> <span class='ocrx_word' id='word_1_68' title='bbox 1433 841 1434 894; x_wconf 73' lang='lat' dir='ltr'>j</span> 
     </span>
     <span class='ocr_line' id='line_1_7' title="bbox 245 900 1373 966; baseline -0.003 -16"><span class='ocrx_word' id='word_1_69' title='bbox 245 901 331 951; x_wconf 80' lang='lat' dir='ltr'>Dona.</span> <span class='ocrx_word' id='word_1_70' title='bbox 825 907 896 965; x_wconf 71' lang='grc' dir='ltr'>μεῖον,</span> <span class='ocrx_word' id='word_1_71' title='bbox 908 919 993 966; x_wconf 82' lang='lat' dir='ltr'>nempe</span> <span class='ocrx_word' id='word_1_72' title='bbox 1007 918 1022 949; x_wconf 85' lang='lat' dir='ltr'>a</span> <span class='ocrx_word' id='word_1_73' title='bbox 1033 903 1168 964; x_wconf 84' lang='grc' dir='ltr'>κεραμεοῦν,</span> <span class='ocrx_word' id='word_1_74' title='bbox 1179 900 1198 946; x_wconf 92' lang='lat' dir='ltr'>i.</span> <span class='ocrx_word' id='word_1_75' title='bbox 1210 915 1233 946; x_wconf 88' lang='lat' dir='ltr'>e.</span> <span class='ocrx_word' id='word_1_76' title='bbox 1242 903 1373 964; x_wconf 80' lang='lat' dir='ltr'>testaceum,</span> 
     </span>
     <span class='ocr_line' id='line_1_8' title="bbox 279 963 1372 1033; baseline -0.005 -17"><span class='ocrx_word' id='word_1_77' title='bbox 279 971 335 1016; x_wconf 79' lang='grc'><strong>194.</strong></span> <span class='ocrx_word' id='word_1_78' title='bbox 350 965 379 1024; x_wconf 74' lang='grc' dir='ltr'>ην</span> <span class='ocrx_word' id='word_1_79' title='bbox 396 965 481 1030; x_wconf 82' lang='grc' dir='ltr'><strong>βοίλη.</strong></span> <span class='ocrx_word' id='word_1_80' title='bbox 498 965 537 1014; x_wconf 89' lang='lat' dir='ltr'>Sic</span> <span class='ocrx_word' id='word_1_81' title='bbox 558 965 619 1013; x_wconf 85' lang='lat' dir='ltr'>bene</span> <span class='ocrx_word' id='word_1_82' title='bbox 637 965 719 1028; x_wconf 79' lang='lat' dir='ltr'>Regii.</span> <span class='ocrx_word' id='word_1_83' title='bbox 750 966 794 1014; x_wconf 80' lang='lat' dir='ltr'>So·</span> <span class='ocrx_word' id='word_1_84' title='bbox 819 969 907 1033; x_wconf 80' lang='lat' dir='ltr'>fictile.</span> <span class='ocrx_word' id='word_1_85' title='bbox 949 967 1041 1024; x_wconf 85' lang='lat' dir='ltr'><strong>Quodsi</strong></span> <span class='ocrx_word' id='word_1_86' title='bbox 1057 968 1172 1013; x_wconf 87' lang='lat' dir='ltr'>scribatur</span> <span class='ocrx_word' id='word_1_87' title='bbox 1181 967 1303 1026; x_wconf 74' lang='grc' dir='ltr'>κεραμεῶν</span> <span class='ocrx_word' id='word_1_88' title='bbox 1314 963 1372 1027; x_wconf 75' lang='grc' dir='ltr'>ὅσον,</span> 
     </span>
     <span class='ocr_line' id='line_1_9' title="bbox 247 1028 1372 1094; baseline -0.002 -16"><span class='ocrx_word' id='word_1_89' title='bbox 247 1029 304 1079; x_wconf 82' lang='lat' dir='ltr'>loeee</span> <span class='ocrx_word' id='word_1_90' title='bbox 312 1031 383 1094; x_wconf 82' lang='lat' dir='ltr'>vulgo</span> <span class='ocrx_word' id='word_1_91' title='bbox 393 1031 423 1089; x_wconf 77' lang='grc' dir='ltr'>ην</span> <span class='ocrx_word' id='word_1_92' title='bbox 433 1029 524 1087; x_wconf 73' lang='grc' dir='ltr'>βούλει.</span> <span class='ocrx_word' id='word_1_93' title='bbox 547 1029 690 1077; x_wconf 85' lang='lat' dir='ltr'>Terminatio</span> <span class='ocrx_word' id='word_1_94' title='bbox 698 1031 739 1077; x_wconf 91' lang='lat' dir='ltr'>illa</span> <span class='ocrx_word' id='word_1_95' title='bbox 750 1033 793 1078; x_wconf 80' lang='lat' dir='ltr'>At·</span> <span class='ocrx_word' id='word_1_96' title='bbox 825 1047 909 1080; x_wconf 87' lang='lat' dir='ltr'>sensus</span> <span class='ocrx_word' id='word_1_97' title='bbox 931 1043 968 1080; x_wconf 88' lang='lat' dir='ltr'>est</span> <span class='ocrx_word' id='word_1_98' title='bbox 985 1031 1055 1086; x_wconf 89' lang='lat' dir='ltr'>idem,</span> <span class='ocrx_word' id='word_1_99' title='bbox 1082 1030 1123 1092; x_wconf 89' lang='lat' dir='ltr'>qui</span> <span class='ocrx_word' id='word_1_100' title='bbox 1142 1030 1168 1076; x_wconf 87' lang='lat' dir='ltr'>in</span> <span class='ocrx_word' id='word_1_101' title='bbox 1187 1029 1296 1092; x_wconf 75' lang='grc' dir='ltr'>κεράμιον</span> <span class='ocrx_word' id='word_1_102' title='bbox 1315 1028 1372 1090; x_wconf 77' lang='grc' dir='ltr'>ὅσοι,</span> 
     </span>
     <span class='ocr_line' id='line_1_10' title="bbox 244 1091 1434 1160; baseline -0.003 -16"><span class='ocrx_word' id='word_1_103' title='bbox 244 1097 294 1144; x_wconf 82' lang='lat' dir='ltr'>tica</span> <span class='ocrx_word' id='word_1_104' title='bbox 303 1101 327 1145; x_wconf 90' lang='grc'>2.</span> <span class='ocrx_word' id='word_1_105' title='bbox 339 1110 401 1158; x_wconf 85' lang='lat' dir='ltr'>pers.</span> <span class='ocrx_word' id='word_1_106' title='bbox 421 1091 504 1142; x_wconf 79' lang='lat' dir='ltr'>lornaae&#39;</span> <span class='ocrx_word' id='word_1_107' title='bbox 518 1093 618 1157; x_wconf 72' lang='lat' dir='ltr'>passiva</span> <span class='ocrx_word' id='word_1_108' title='bbox 629 1095 707 1142; x_wconf 88' lang='lat' dir='ltr'>locum</span> <span class='ocrx_word' id='word_1_109' title='bbox 723 1095 794 1144; x_wconf 87' lang='lat' dir='ltr'>habet</span> <span class='ocrx_word' id='word_1_110' title='bbox 825 1098 888 1160; x_wconf 92' lang='lat' dir='ltr'>quod</span> <span class='ocrx_word' id='word_1_111' title='bbox 898 1098 932 1144; x_wconf 88' lang='lat' dir='ltr'>ita</span> <span class='ocrx_word' id='word_1_112' title='bbox 942 1097 1028 1144; x_wconf 88' lang='lat' dir='ltr'>dicitur</span> <span class='ocrx_word' id='word_1_113' title='bbox 1037 1103 1064 1142; x_wconf 93' lang='lat' dir='ltr'>nt</span> <span class='ocrx_word' id='word_1_114' title='bbox 1074 1097 1119 1153; x_wconf 81' lang='grc' dir='ltr'>τῆν</span> <span class='ocrx_word' id='word_1_115' title='bbox 1130 1095 1176 1154; x_wconf 79' lang='grc' dir='ltr'>γῆς</span> <span class='ocrx_word' id='word_1_116' title='bbox 1185 1091 1268 1150; x_wconf 83' lang='grc' dir='ltr'>πολλὴ</span> <span class='ocrx_word' id='word_1_117' title='bbox 1279 1093 1305 1138; x_wconf 87' lang='lat' dir='ltr'>in</span> <span class='ocrx_word' id='word_1_118' title='bbox 1316 1093 1372 1140; x_wconf 86' lang='lat' dir='ltr'>Pace</span> <span class='ocrx_word' id='word_1_119' title='bbox 1433 1147 1434 1160; x_wconf 26' lang='lat' dir='ltr'>q</span> 
     </span>
     <span class='ocr_line' id='line_1_11' title="bbox 261 1157 1434 1222; baseline -0.01 -7"><span class='ocrx_word' id='word_1_120' title='bbox 261 1185 264 1194; x_wconf 71' lang='grc'>’</span> <span class='ocrx_word' id='word_1_121' title='bbox 726 1176 743 1217; x_wconf 92' lang='grc' dir='ltr'>η</span> <span class='ocrx_word' id='word_1_122' title='bbox 827 1165 881 1212; x_wconf 91' lang='grc'><strong>167.</strong></span> <span class='ocrx_word' id='word_1_123' title='bbox 908 1161 950 1208; x_wconf 85' lang='lat' dir='ltr'>Est</span> <span class='ocrx_word' id='word_1_124' title='bbox 962 1171 1042 1208; x_wconf 84' lang='lat' dir='ltr'>autem</span> <span class='ocrx_word' id='word_1_125' title='bbox 1053 1159 1151 1222; x_wconf 76' lang='grc' dir='ltr'>κέραμος</span> <span class='ocrx_word' id='word_1_126' title='bbox 1168 1157 1341 1206; x_wconf 72' lang='lat' dir='ltr'>substantivum</span> <span class='ocrx_word' id='word_1_127' title='bbox 1349 1163 1372 1204; x_wconf 86' lang='lat' dir='ltr'>et</span> <span class='ocrx_word' id='word_1_128' title='bbox 1433 1161 1434 1180; x_wconf 65' lang='lat'>¹</span> 
     </span>
     <span class='ocr_line' id='line_1_12' title="bbox 244 1221 1434 1289; baseline -0.004 -18"><span class='ocrx_word' id='word_1_129' title='bbox 244 1229 337 1272; x_wconf 75' lang='lat' dir='ltr'>tantm</span> <span class='ocrx_word' id='word_1_130' title='bbox 346 1224 372 1271; x_wconf 89' lang='lat' dir='ltr'>in</span> <span class='ocrx_word' id='word_1_131' title='bbox 379 1223 516 1272; x_wconf 78' lang='lat' dir='ltr'>indicativo.</span> <span class='ocrx_word' id='word_1_132' title='bbox 524 1224 644 1270; x_wconf 79' lang='lat' dir='ltr'>Bauncr.</span> <span class='ocrx_word' id='word_1_133' title='bbox 663 1221 745 1278; x_wconf 80' lang='grc' dir='ltr'>βοίλει</span> <span class='ocrx_word' id='word_1_134' title='bbox 755 1224 794 1288; x_wconf 89' lang='lat' dir='ltr'>(et</span> <span class='ocrx_word' id='word_1_135' title='bbox 825 1226 855 1273; x_wconf 89' lang='lat' dir='ltr'>de</span> <span class='ocrx_word' id='word_1_136' title='bbox 872 1227 936 1273; x_wconf 91' lang='lat' dir='ltr'>omni</span> <span class='ocrx_word' id='word_1_137' title='bbox 947 1226 1106 1289; x_wconf 81' lang='lat' dir='ltr'>figlinoopere</span> <span class='ocrx_word' id='word_1_138' title='bbox 1117 1223 1213 1270; x_wconf 87' lang='lat' dir='ltr'>dicitur.</span> <span class='ocrx_word' id='word_1_139' title='bbox 1228 1223 1315 1270; x_wconf 76' lang='lat' dir='ltr'>Basso.</span> <span class='ocrx_word' id='word_1_140' title='bbox 1334 1235 1371 1280; x_wconf 80' lang='grc' dir='ltr'>γο-</span> <span class='ocrx_word' id='word_1_141' title='bbox 1433 1275 1434 1280; x_wconf 15' lang='grc' dir='ltr'>ρ</span> 
     </span>
     <span class='ocr_line' id='line_1_13' title="bbox 244 1287 1371 1352; baseline -0.006 -13"><span class='ocrx_word' id='word_1_142' title='bbox 244 1293 286 1337; x_wconf 76' lang='lat' dir='ltr'>llo·</span> <span class='ocrx_word' id='word_1_143' title='bbox 296 1297 324 1336; x_wconf 89' lang='lat' dir='ltr'>ut</span> <span class='ocrx_word' id='word_1_144' title='bbox 334 1289 475 1350; x_wconf 83' lang='lat' dir='ltr'>Kust.)Ms.</span> <span class='ocrx_word' id='word_1_145' title='bbox 485 1288 550 1334; x_wconf 75' lang='lat' dir='ltr'>Trin.</span> <span class='ocrx_word' id='word_1_146' title='bbox 560 1287 644 1334; x_wconf 73' lang='lat' dir='ltr'>Dosa·</span> <span class='ocrx_word' id='word_1_147' title='bbox 825 1292 909 1344; x_wconf 80' lang='grc' dir='ltr'>ναῖκει,</span> <span class='ocrx_word' id='word_1_148' title='bbox 933 1292 945 1337; x_wconf 83' lang='lat' dir='ltr'>d</span> <span class='ocrx_word' id='word_1_149' title='bbox 964 1289 1075 1352; x_wconf 74' lang='lat' dir='ltr'>nepspdv,</span> <span class='ocrx_word' id='word_1_150' title='bbox 1092 1303 1162 1349; x_wconf 75' lang='lat' dir='ltr'>arna,</span> <span class='ocrx_word' id='word_1_151' title='bbox 1177 1292 1251 1349; x_wconf 64' lang='lat' dir='ltr'>lemn,</span> <span class='ocrx_word' id='word_1_152' title='bbox 1267 1287 1336 1347; x_wconf 79' lang='lat' dir='ltr'>seria,</span> <span class='ocrx_word' id='word_1_153' title='bbox 1350 1287 1371 1332; x_wconf 89' lang='lat' dir='ltr'>in</span> 
     </span>
     <span class='ocr_line' id='line_1_14' title="bbox 278 1349 1371 1418; baseline -0.004 -16"><span class='ocrx_word' id='word_1_154' title='bbox 278 1355 333 1402; x_wconf 79' lang='grc'><strong>196.</strong></span> <span class='ocrx_word' id='word_1_155' title='bbox 349 1351 471 1412; x_wconf 73' lang='grc' dir='ltr'>μέλαιναν.</span> <span class='ocrx_word' id='word_1_156' title='bbox 495 1351 588 1399; x_wconf 84' lang='lat' dir='ltr'>Allusio</span> <span class='ocrx_word' id='word_1_157' title='bbox 606 1351 637 1398; x_wconf 87' lang='lat' dir='ltr'>ad</span> <span class='ocrx_word' id='word_1_158' title='bbox 651 1349 794 1411; x_wconf 75' lang='grc' dir='ltr'>μελάνδετον</span> <span class='ocrx_word' id='word_1_159' title='bbox 825 1355 928 1416; x_wconf 84' lang='lat' dir='ltr'>genitivo</span> <span class='ocrx_word' id='word_1_160' title='bbox 939 1357 1077 1418; x_wconf 77' lang='grc' dir='ltr'>κεραμῶντι,</span> <span class='ocrx_word' id='word_1_161' title='bbox 1089 1361 1116 1400; x_wconf 88' lang='lat' dir='ltr'>ut</span> <span class='ocrx_word' id='word_1_162' title='bbox 1130 1350 1213 1406; x_wconf 76' lang='grc' dir='ltr'>τιθίαν,</span> <span class='ocrx_word' id='word_1_163' title='bbox 1226 1349 1319 1409; x_wconf 67' lang='grc' dir='ltr'>ταλὸν,</span> <span class='ocrx_word' id='word_1_164' title='bbox 1332 1367 1371 1410; x_wconf 89' lang='grc' dir='ltr'>μο-</span> 
     </span>
     <span class='ocr_line' id='line_1_15' title="bbox 245 1414 1369 1483; baseline -0.005 -15"><span class='ocrx_word' id='word_1_165' title='bbox 245 1415 317 1468; x_wconf 73' lang='lat' dir='ltr'>saltos</span> <span class='ocrx_word' id='word_1_166' title='bbox 333 1417 358 1463; x_wconf 94' lang='lat' dir='ltr'>in</span> <span class='ocrx_word' id='word_1_167' title='bbox 375 1417 458 1466; x_wconf 85' lang='lat' dir='ltr'>AEsoh.</span> <span class='ocrx_word' id='word_1_168' title='bbox 469 1417 522 1463; x_wconf 88' lang='lat' dir='ltr'>loco</span> <span class='ocrx_word' id='word_1_169' title='bbox 536 1431 605 1478; x_wconf 85' lang='lat' dir='ltr'>supra</span> <span class='ocrx_word' id='word_1_170' title='bbox 621 1417 725 1464; x_wconf 83' lang='lat' dir='ltr'>adducto</span> <span class='ocrx_word' id='word_1_171' title='bbox 737 1421 792 1466; x_wconf 87' lang='grc'><strong>188.</strong></span> <span class='ocrx_word' id='word_1_172' title='bbox 825 1421 881 1476; x_wconf 66' lang='lat' dir='ltr'>adv,</span> <span class='ocrx_word' id='word_1_173' title='bbox 891 1419 1124 1483; x_wconf 74' lang='grc' dir='ltr'>θορὼν,τορνι“ανείτ.</span> <span class='ocrx_word' id='word_1_174' title='bbox 1136 1415 1229 1463; x_wconf 80' lang='lat' dir='ltr'>Barsa.</span> <span class='ocrx_word' id='word_1_175' title='bbox 1249 1414 1369 1478; x_wconf 80' lang='lat' dir='ltr'>Vulgosic</span> 
     </span>
     <span class='ocr_line' id='line_1_16' title="bbox 244 1479 1371 1547; baseline 0 -19"><span class='ocrx_word' id='word_1_176' title='bbox 244 1481 329 1528; x_wconf 81' lang='lat' dir='ltr'>Bnao.</span> <span class='ocrx_word' id='word_1_177' title='bbox 349 1482 423 1529; x_wconf 78' lang='grc' dir='ltr'>θεῖσαι</span> <span class='ocrx_word' id='word_1_178' title='bbox 443 1479 556 1540; x_wconf 73' lang='grc' dir='ltr'>μέλαιναν</span> <span class='ocrx_word' id='word_1_179' title='bbox 571 1479 656 1529; x_wconf 76' lang='grc' dir='ltr'>κύλικα</span> <span class='ocrx_word' id='word_1_180' title='bbox 684 1480 793 1542; x_wconf 68' lang='grc' dir='ltr'>μεγάλην</span> <span class='ocrx_word' id='word_1_181' title='bbox 826 1484 910 1547; x_wconf 85' lang='lat' dir='ltr'>legitur</span> <span class='ocrx_word' id='word_1_182' title='bbox 925 1485 963 1532; x_wconf 83' lang='lat' dir='ltr'>hic</span> <span class='ocrx_word' id='word_1_183' title='bbox 976 1491 1070 1539; x_wconf 87' lang='lat' dir='ltr'>versus,&#39;</span> <span class='ocrx_word' id='word_1_184' title='bbox 1090 1480 1242 1542; x_wconf 65' lang='lat' dir='ltr'>aptavere</span> <span class='ocrx_word' id='word_1_185' title='bbox 1259 1481 1371 1543; x_wconf 67' lang='grc' dir='ltr'>γυναῖκες,</span> 
     </span>
    </p>

    <p class='ocr_par' dir='ltr' id='par_1_3' title="bbox 169 1543 1371 1932">
     <span class='ocr_line' id='line_1_17' title="bbox 169 1543 1371 1611; baseline -0.003 -17"><span class='ocrx_word' id='word_1_186' title='bbox 169 1555 172 1560; x_wconf 91' lang='grc'><strong>“</strong></span> <span class='ocrx_word' id='word_1_187' title='bbox 244 1545 336 1594; x_wconf 68' lang='grc' dir='ltr'>ὑπτίαν.</span> <span class='ocrx_word' id='word_1_188' title='bbox 368 1544 471 1592; x_wconf 86' lang='lat' dir='ltr'>Parudia</span> <span class='ocrx_word' id='word_1_189' title='bbox 490 1553 526 1592; x_wconf 89' lang='lat' dir='ltr'>est</span> <span class='ocrx_word' id='word_1_190' title='bbox 544 1545 629 1592; x_wconf 82' lang='lat' dir='ltr'>AEsch.</span> <span class='ocrx_word' id='word_1_191' title='bbox 643 1561 730 1602; x_wconf 86' lang='lat' dir='ltr'>versus,</span> <span class='ocrx_word' id='word_1_192' title='bbox 750 1547 792 1606; x_wconf 82' lang='grc' dir='ltr'>μί·</span> <span class='ocrx_word' id='word_1_193' title='bbox 825 1543 1371 1611; x_wconf 59' lang='lat' dir='ltr'>isembardum,sinenllosensnetjugulato</span> 
     </span>
     <span class='ocr_line' id='line_1_18' title="bbox 242 1607 1370 1675; baseline -0.002 -17"><span class='ocrx_word' id='word_1_194' title='bbox 242 1618 326 1658; x_wconf 86' lang='grc' dir='ltr'>λαιναν</span> <span class='ocrx_word' id='word_1_195' title='bbox 343 1609 453 1672; x_wconf 74' lang='grc' dir='ltr'>μεγκίλην</span> <span class='ocrx_word' id='word_1_196' title='bbox 474 1607 557 1658; x_wconf 74' lang='grc' dir='ltr'>κύλικα</span> <span class='ocrx_word' id='word_1_197' title='bbox 577 1625 620 1672; x_wconf 92' lang='lat' dir='ltr'>pro</span> <span class='ocrx_word' id='word_1_198' title='bbox 650 1608 792 1670; x_wconf 72' lang='grc' dir='ltr'>μελάνδετον</span> <span class='ocrx_word' id='word_1_199' title='bbox 824 1621 908 1661; x_wconf 83' lang='lat' dir='ltr'>metro.</span> <span class='ocrx_word' id='word_1_200' title='bbox 944 1613 1011 1660; x_wconf 88' lang='lat' dir='ltr'>Nihil</span> <span class='ocrx_word' id='word_1_201' title='bbox 1023 1612 1140 1675; x_wconf 84' lang='lat' dir='ltr'>discrepat</span> <span class='ocrx_word' id='word_1_202' title='bbox 1156 1610 1222 1672; x_wconf 79' lang='lat' dir='ltr'>Aug.</span> <span class='ocrx_word' id='word_1_203' title='bbox 1234 1609 1318 1655; x_wconf 84' lang='lat' dir='ltr'>nisiin</span> <span class='ocrx_word' id='word_1_204' title='bbox 1334 1623 1370 1656; x_wconf 83' lang='lat' dir='ltr'>ac·</span> 
     </span>
     <span class='ocr_line' id='line_1_19' title="bbox 243 1672 1371 1740; baseline -0.004 -16"><span class='ocrx_word' id='word_1_205' title='bbox 243 1672 329 1724; x_wconf 74' lang='lat' dir='ltr'>ordros:</span> <span class='ocrx_word' id='word_1_206' title='bbox 355 1683 380 1722; x_wconf 90' lang='lat' dir='ltr'>et</span> <span class='ocrx_word' id='word_1_207' title='bbox 404 1673 494 1730; x_wconf 72' lang='lat' dir='ltr'>iarios,</span> <span class='ocrx_word' id='word_1_208' title='bbox 507 1675 563 1736; x_wconf 87' lang='lat' dir='ltr'>qnia</span> <span class='ocrx_word' id='word_1_209' title='bbox 579 1673 612 1720; x_wconf 86' lang='lat' dir='ltr'>sic</span> <span class='ocrx_word' id='word_1_210' title='bbox 627 1675 709 1738; x_wconf 77' lang='lat' dir='ltr'>clypei</span> <span class='ocrx_word' id='word_1_211' title='bbox 725 1676 792 1723; x_wconf 89' lang='lat' dir='ltr'>humi</span> <span class='ocrx_word' id='word_1_212' title='bbox 824 1687 894 1726; x_wconf 86' lang='lat' dir='ltr'>cento</span> <span class='ocrx_word' id='word_1_213' title='bbox 911 1679 1036 1740; x_wconf 77' lang='grc' dir='ltr'>κεραμεῶν.</span> <span class='ocrx_word' id='word_1_214' title='bbox 1068 1677 1158 1724; x_wconf 84' lang='lat' dir='ltr'>lterum</span> <span class='ocrx_word' id='word_1_215' title='bbox 1178 1675 1219 1721; x_wconf 86' lang='lat' dir='ltr'>bic</span> <span class='ocrx_word' id='word_1_216' title='bbox 1238 1687 1284 1720; x_wconf 90' lang='lat' dir='ltr'>nos</span> <span class='ocrx_word' id='word_1_217' title='bbox 1302 1673 1371 1720; x_wconf 80' lang='lat' dir='ltr'>desn&#39;-</span> 
     </span>
     <span class='ocr_line' id='line_1_20' title="bbox 241 1736 1369 1804; baseline -0.003 -19"><span class='ocrx_word' id='word_1_218' title='bbox 241 1742 408 1804; x_wconf 87' lang='lat' dir='ltr'>ponebantur:</span> <span class='ocrx_word' id='word_1_219' title='bbox 427 1754 502 1804; x_wconf 16' lang='lat' dir='ltr'>supra?</span> <span class='ocrx_word' id='word_1_220' title='bbox 518 1743 574 1787; x_wconf 82' lang='grc'><strong>185.</strong></span> <span class='ocrx_word' id='word_1_221' title='bbox 591 1736 628 1788; x_wconf 74' lang='grc' dir='ltr'>θὲς</span> <span class='ocrx_word' id='word_1_222' title='bbox 645 1737 707 1787; x_wconf 72' lang='grc' dir='ltr'>ἐντί</span> <span class='ocrx_word' id='word_1_223' title='bbox 717 1739 789 1802; x_wconf 82' lang='grc' dir='ltr'>τρία·</span> <span class='ocrx_word' id='word_1_224' title='bbox 824 1746 948 1790; x_wconf 89' lang='lat' dir='ltr'>tnuntduo</span> <span class='ocrx_word' id='word_1_225' title='bbox 962 1742 1038 1804; x_wconf 78' lang='lat' dir='ltr'>Regg.</span> <span class='ocrx_word' id='word_1_226' title='bbox 1048 1738 1073 1787; x_wconf 93' lang='lat' dir='ltr'>in</span> <span class='ocrx_word' id='word_1_227' title='bbox 1084 1740 1297 1804; x_wconf 73' lang='lat' dir='ltr'>quibuspostltltl.</span> <span class='ocrx_word' id='word_1_228' title='bbox 1308 1738 1369 1784; x_wconf 85' lang='lat' dir='ltr'>lacu·</span> 
     </span>
     <span class='ocr_line' id='line_1_21' title="bbox 241 1801 1369 1869; baseline -0.004 -17"><span class='ocrx_word' id='word_1_229' title='bbox 241 1809 281 1853; x_wconf 85' lang='grc' dir='ltr'>θεν</span> <span class='ocrx_word' id='word_1_230' title='bbox 299 1803 382 1852; x_wconf 75' lang='grc' dir='ltr'>ὑπτίαν</span> <span class='ocrx_word' id='word_1_231' title='bbox 397 1803 442 1862; x_wconf 83' lang='grc' dir='ltr'>τὴν</span> <span class='ocrx_word' id='word_1_232' title='bbox 452 1803 552 1852; x_wconf 67' lang='lat' dir='ltr'>antas:</span> <span class='ocrx_word' id='word_1_233' title='bbox 571 1809 596 1850; x_wconf 90' lang='lat' dir='ltr'>et</span> <span class='ocrx_word' id='word_1_234' title='bbox 613 1801 718 1852; x_wconf 80' lang='lat' dir='ltr'>Aeliam.</span> <span class='ocrx_word' id='word_1_235' title='bbox 733 1809 789 1854; x_wconf 80' lang='grc'><strong>683.</strong></span> <span class='ocrx_word' id='word_1_236' title='bbox 821 1821 853 1853; x_wconf 88' lang='lat' dir='ltr'>na</span> <span class='ocrx_word' id='word_1_237' title='bbox 864 1815 901 1854; x_wconf 89' lang='lat' dir='ltr'>est</span> <span class='ocrx_word' id='word_1_238' title='bbox 911 1807 1022 1869; x_wconf 76' lang='lat' dir='ltr'>usquead</span> <span class='ocrx_word' id='word_1_239' title='bbox 1033 1811 1088 1854; x_wconf 88' lang='grc'><strong>268.</strong></span> <span class='ocrx_word' id='word_1_240' title='bbox 1106 1802 1248 1853; x_wconf 82' lang='lat' dir='ltr'>Continenti</span> <span class='ocrx_word' id='word_1_241' title='bbox 1257 1802 1286 1848; x_wconf 90' lang='lat' dir='ltr'>hi</span> <span class='ocrx_word' id='word_1_242' title='bbox 1294 1816 1369 1848; x_wconf 85' lang='lat' dir='ltr'>sersus</span> 
     </span>
     <span class='ocr_line' id='line_1_22' title="bbox 239 1867 1369 1932; baseline -0.005 -14"><span class='ocrx_word' id='word_1_243' title='bbox 239 1869 339 1932; x_wconf 71' lang='grc' dir='ltr'>παράθες</span> <span class='ocrx_word' id='word_1_244' title='bbox 347 1870 388 1917; x_wconf 85' lang='grc' dir='ltr'>νῦν</span> <span class='ocrx_word' id='word_1_245' title='bbox 399 1867 482 1917; x_wconf 75' lang='grc' dir='ltr'>ὑπτίαν</span> <span class='ocrx_word' id='word_1_246' title='bbox 492 1868 565 1926; x_wconf 72' lang='grc' dir='ltr'>αὐτὴν</span> <span class='ocrx_word' id='word_1_247' title='bbox 575 1867 633 1927; x_wconf 73' lang='grc' dir='ltr'>ἐμοί.</span> <span class='ocrx_word' id='word_1_248' title='bbox 644 1869 762 1916; x_wconf 75' lang='lat' dir='ltr'>Brunca.</span> <span class='ocrx_word' id='word_1_249' title='bbox 822 1869 847 1916; x_wconf 89' lang='lat' dir='ltr'>in</span> <span class='ocrx_word' id='word_1_250' title='bbox 858 1871 890 1920; x_wconf 88' lang='lat' dir='ltr'>A.</span> <span class='ocrx_word' id='word_1_251' title='bbox 907 1888 1004 1920; x_wconf 84' lang='lat' dir='ltr'>vacuum</span> <span class='ocrx_word' id='word_1_252' title='bbox 1018 1870 1043 1916; x_wconf 93' lang='lat' dir='ltr'>in</span> <span class='ocrx_word' id='word_1_253' title='bbox 1060 1870 1131 1916; x_wconf 85' lang='lat' dir='ltr'>altero</span> <span class='ocrx_word' id='word_1_254' title='bbox 1145 1867 1256 1915; x_wconf 89' lang='lat' dir='ltr'>relictum</span> <span class='ocrx_word' id='word_1_255' title='bbox 1271 1868 1369 1928; x_wconf 85' lang='lat' dir='ltr'>spatium</span> 
     </span>
    </p>

    <p class='ocr_par' dir='ltr' id='par_1_4' title="bbox 233 1930 1369 2582">
     <span class='ocr_line' id='line_1_23' title="bbox 275 1930 1366 1999; baseline -0.005 -17"><span class='ocrx_word' id='word_1_256' title='bbox 275 1939 329 1982; x_wconf 87' lang='grc'><strong>196.</strong></span> <span class='ocrx_word' id='word_1_257' title='bbox 347 1933 433 1982; x_wconf 78' lang='grc' dir='ltr'>Θάσιον</span> <span class='ocrx_word' id='word_1_258' title='bbox 443 1934 507 1983; x_wconf 88' lang='grc' dir='ltr'>οίνου</span> <span class='ocrx_word' id='word_1_259' title='bbox 517 1931 636 1992; x_wconf 88' lang='grc' dir='ltr'>σταμνίον.</span> <span class='ocrx_word' id='word_1_260' title='bbox 663 1933 693 1980; x_wconf 88' lang='lat' dir='ltr'>V.</span> <span class='ocrx_word' id='word_1_261' title='bbox 703 1933 788 1981; x_wconf 83' lang='lat' dir='ltr'>Alber-</span> <span class='ocrx_word' id='word_1_262' title='bbox 821 1944 921 1996; x_wconf 88' lang='lat' dir='ltr'>quatnor</span> <span class='ocrx_word' id='word_1_263' title='bbox 930 1937 1066 1999; x_wconf 78' lang='lat' dir='ltr'>paginarum</span> <span class='ocrx_word' id='word_1_264' title='bbox 1074 1943 1100 1982; x_wconf 87' lang='lat' dir='ltr'>et</span> <span class='ocrx_word' id='word_1_265' title='bbox 1110 1933 1224 1980; x_wconf 74' lang='lat' dir='ltr'>dimidie.</span> <span class='ocrx_word' id='word_1_266' title='bbox 1254 1930 1366 1978; x_wconf 88' lang='lat' dir='ltr'>Seddeli·</span> 
     </span>
     <span class='ocr_line' id='line_1_24' title="bbox 238 1995 1369 2062; baseline -0.004 -16"><span class='ocrx_word' id='word_1_267' title='bbox 238 1999 297 2046; x_wconf 87' lang='lat' dir='ltr'>tium</span> <span class='ocrx_word' id='word_1_268' title='bbox 308 1999 339 2047; x_wconf 86' lang='lat' dir='ltr'>ad</span> <span class='ocrx_word' id='word_1_269' title='bbox 351 1999 455 2062; x_wconf 82' lang='lat' dir='ltr'>llesyclr.</span> <span class='ocrx_word' id='word_1_270' title='bbox 467 2006 485 2047; x_wconf 88' lang='lat' dir='ltr'>t.</span> <span class='ocrx_word' id='word_1_271' title='bbox 494 1997 548 2045; x_wconf 86' lang='lat' dir='ltr'>ii.c.</span> <span class='ocrx_word' id='word_1_272' title='bbox 559 2001 631 2046; x_wconf 80' lang='grc'><strong>1267.</strong></span> <span class='ocrx_word' id='word_1_273' title='bbox 648 1997 730 2044; x_wconf 77' lang='lat' dir='ltr'>Dran.</span> <span class='ocrx_word' id='word_1_274' title='bbox 821 1999 934 2048; x_wconf 86' lang='lat' dir='ltr'>cientium</span> <span class='ocrx_word' id='word_1_275' title='bbox 955 1999 1032 2048; x_wconf 85' lang='lat' dir='ltr'>Codd.</span> <span class='ocrx_word' id='word_1_276' title='bbox 1053 2015 1111 2062; x_wconf 86' lang='lat' dir='ltr'>quos</span> <span class='ocrx_word' id='word_1_277' title='bbox 1130 1995 1268 2044; x_wconf 82' lang='lat' dir='ltr'>vix·credo</span> <span class='ocrx_word' id='word_1_278' title='bbox 1288 1995 1369 2042; x_wconf 84' lang='lat' dir='ltr'>melius</span> 
     </span>
     <span class='ocr_line' id='line_1_25' title="bbox 272 2059 1368 2125; baseline -0.005 -13"><span class='ocrx_word' id='word_1_279' title='bbox 272 2068 327 2113; x_wconf 90' lang='grc'><strong>197.</strong></span> <span class='ocrx_word' id='word_1_280' title='bbox 344 2061 470 2124; x_wconf 82' lang='grc' dir='ltr'>ὀμίσομεν.</span> <span class='ocrx_word' id='word_1_281' title='bbox 511 2063 550 2110; x_wconf 89' lang='lat' dir='ltr'>Sic</span> <span class='ocrx_word' id='word_1_282' title='bbox 571 2070 634 2109; x_wconf 89' lang='lat' dir='ltr'>recte</span> <span class='ocrx_word' id='word_1_283' title='bbox 654 2063 789 2112; x_wconf 77' lang='lat' dir='ltr'>emendavit</span> <span class='ocrx_word' id='word_1_284' title='bbox 820 2065 878 2125; x_wconf 90' lang='lat' dir='ltr'>quid</span> <span class='ocrx_word' id='word_1_285' title='bbox 888 2065 1007 2113; x_wconf 84' lang='lat' dir='ltr'>adlaturos</span> <span class='ocrx_word' id='word_1_286' title='bbox 1017 2064 1097 2119; x_wconf 85' lang='lat' dir='ltr'>fuisse,</span> <span class='ocrx_word' id='word_1_287' title='bbox 1107 2063 1127 2110; x_wconf 91' lang='lat' dir='ltr'>si</span> <span class='ocrx_word' id='word_1_288' title='bbox 1137 2061 1227 2124; x_wconf 82' lang='lat' dir='ltr'>integri</span> <span class='ocrx_word' id='word_1_289' title='bbox 1237 2069 1325 2114; x_wconf 70' lang='lat' dir='ltr'>meent,</span> <span class='ocrx_word' id='word_1_290' title='bbox 1334 2059 1368 2106; x_wconf 86' lang='lat' dir='ltr'>vi-</span> 
     </span>
     <span class='ocr_line' id='line_1_26' title="bbox 238 2125 1366 2192; baseline -0.004 -18"><span class='ocrx_word' id='word_1_291' title='bbox 238 2127 334 2176; x_wconf 88' lang='lat' dir='ltr'>Dawes.</span> <span class='ocrx_word' id='word_1_292' title='bbox 346 2129 415 2174; x_wconf 88' lang='lat' dir='ltr'>Misc.</span> <span class='ocrx_word' id='word_1_293' title='bbox 428 2127 487 2176; x_wconf 89' lang='lat' dir='ltr'>Crit.</span> <span class='ocrx_word' id='word_1_294' title='bbox 496 2141 521 2188; x_wconf 91' lang='lat' dir='ltr'>p.</span> <span class='ocrx_word' id='word_1_295' title='bbox 532 2125 706 2176; x_wconf 75' lang='lat' dir='ltr'>337.mendose</span> <span class='ocrx_word' id='word_1_296' title='bbox 716 2129 786 2190; x_wconf 83' lang='lat' dir='ltr'>volgo</span> <span class='ocrx_word' id='word_1_297' title='bbox 818 2143 871 2176; x_wconf 89' lang='lat' dir='ltr'>cem</span> <span class='ocrx_word' id='word_1_298' title='bbox 881 2131 963 2192; x_wconf 85' lang='lat' dir='ltr'>explet</span> <span class='ocrx_word' id='word_1_299' title='bbox 973 2130 1048 2192; x_wconf 87' lang='lat' dir='ltr'><strong>Toup.</strong></span> <span class='ocrx_word' id='word_1_300' title='bbox 1062 2127 1185 2190; x_wconf 76' lang='lat' dir='ltr'>sagacitas,</span> <span class='ocrx_word' id='word_1_301' title='bbox 1198 2125 1269 2188; x_wconf 86' lang='lat' dir='ltr'>cujus</span> <span class='ocrx_word' id='word_1_302' title='bbox 1279 2125 1366 2186; x_wconf 79' lang='lat' dir='ltr'>integra</span> 
     </span>
     <span class='ocr_line' id='line_1_27' title="bbox 238 2189 1366 2255; baseline -0.005 -14"><span class='ocrx_word' id='word_1_303' title='bbox 238 2191 361 2253; x_wconf 79' lang='grc' dir='ltr'>ὂμίσομεν.</span> <span class='ocrx_word' id='word_1_304' title='bbox 394 2191 465 2248; x_wconf 89' lang='lat' dir='ltr'>Quod</span> <span class='ocrx_word' id='word_1_305' title='bbox 486 2192 641 2252; x_wconf 73' lang='lat' dir='ltr'>reposuimus,</span> <span class='ocrx_word' id='word_1_306' title='bbox 662 2193 785 2254; x_wconf 86' lang='lat' dir='ltr'>perspicue</span> <span class='ocrx_word' id='word_1_307' title='bbox 818 2192 910 2255; x_wconf 79' lang='lat' dir='ltr'>legatur</span> <span class='ocrx_word' id='word_1_308' title='bbox 926 2203 981 2241; x_wconf 85' lang='lat' dir='ltr'>nota</span> <span class='ocrx_word' id='word_1_309' title='bbox 993 2193 1090 2240; x_wconf 85' lang='lat' dir='ltr'>Emend.</span> <span class='ocrx_word' id='word_1_310' title='bbox 1100 2193 1125 2239; x_wconf 90' lang='lat' dir='ltr'>in</span> <span class='ocrx_word' id='word_1_311' title='bbox 1143 2189 1280 2238; x_wconf 63' lang='lat' dir='ltr'>Suissii.</span> <span class='ocrx_word' id='word_1_312' title='bbox 1289 2203 1313 2251; x_wconf 94' lang='lat' dir='ltr'>p.</span> <span class='ocrx_word' id='word_1_313' title='bbox 1328 2193 1366 2236; x_wconf 88' lang='grc'>21.</span> 
     </span>
     <span class='ocr_line' id='line_1_28' title="bbox 236 2253 1366 2320; baseline -0.003 -17"><span class='ocrx_word' id='word_1_314' title='bbox 236 2255 727 2320; x_wconf 75' lang='lat' dir='ltr'>scriptumrepeuimusinAug.Baunor.</span> <span class='ocrx_word' id='word_1_315' title='bbox 752 2257 785 2317; x_wconf 81' lang='grc' dir='ltr'>μὴ</span> <span class='ocrx_word' id='word_1_316' title='bbox 818 2255 899 2306; x_wconf 84' lang='lat' dir='ltr'>Docta</span> <span class='ocrx_word' id='word_1_317' title='bbox 909 2259 1065 2306; x_wconf 86' lang='lat' dir='ltr'>amendatioe</span> <span class='ocrx_word' id='word_1_318' title='bbox 1079 2257 1139 2304; x_wconf 88' lang='lat' dir='ltr'>Cod.</span> <span class='ocrx_word' id='word_1_319' title='bbox 1152 2254 1225 2302; x_wconf 87' lang='lat' dir='ltr'>Voss.</span> <span class='ocrx_word' id='word_1_320' title='bbox 1239 2253 1366 2300; x_wconf 84' lang='lat' dir='ltr'>undeeam</span> 
     </span>
     <span class='ocr_line' id='line_1_29' title="bbox 235 2317 1369 2383; baseline -0.004 -15"><span class='ocrx_word' id='word_1_321' title='bbox 235 2320 320 2381; x_wconf 77' lang='grc' dir='ltr'>’πιχεῖν</span> <span class='ocrx_word' id='word_1_322' title='bbox 331 2321 397 2382; x_wconf 73' lang='grc' dir='ltr'><strong>ὕδωρ.</strong></span> <span class='ocrx_word' id='word_1_323' title='bbox 410 2321 484 2367; x_wconf 89' lang='lat' dir='ltr'>Notat</span> <span class='ocrx_word' id='word_1_324' title='bbox 498 2319 606 2366; x_wconf 85' lang='lat' dir='ltr'>mulieres</span> <span class='ocrx_word' id='word_1_325' title='bbox 615 2327 725 2382; x_wconf 86' lang='lat' dir='ltr'>tanquam</span> <span class='ocrx_word' id='word_1_326' title='bbox 737 2337 784 2370; x_wconf 85' lang='lat' dir='ltr'>me·</span> <span class='ocrx_word' id='word_1_327' title='bbox 817 2336 899 2370; x_wconf 84' lang='lat' dir='ltr'>eruere</span> <span class='ocrx_word' id='word_1_328' title='bbox 910 2339 957 2370; x_wconf 90' lang='lat' dir='ltr'>non</span> <span class='ocrx_word' id='word_1_329' title='bbox 970 2331 1021 2370; x_wconf 86' lang='lat' dir='ltr'>erat</span> <span class='ocrx_word' id='word_1_330' title='bbox 1029 2323 1073 2371; x_wconf 86' lang='grc' dir='ltr'>τοῦ</span> <span class='ocrx_word' id='word_1_331' title='bbox 1081 2319 1206 2383; x_wconf 74' lang='grc' dir='ltr'>τυχόντας,</span> <span class='ocrx_word' id='word_1_332' title='bbox 1223 2320 1288 2380; x_wconf 85' lang='lat' dir='ltr'>quod</span> <span class='ocrx_word' id='word_1_333' title='bbox 1299 2317 1369 2365; x_wconf 84' lang='lat' dir='ltr'>Kust.</span> 
     </span>
     <span class='ocr_line' id='line_1_30' title="bbox 234 2381 1366 2450; baseline -0.002 -18"><span class='ocrx_word' id='word_1_334' title='bbox 234 2385 336 2434; x_wconf 83' lang='lat' dir='ltr'>robibas.</span> <span class='ocrx_word' id='word_1_335' title='bbox 379 2385 469 2432; x_wconf 73' lang='lat' dir='ltr'>Praeter</span> <span class='ocrx_word' id='word_1_336' title='bbox 486 2384 688 2446; x_wconf 72' lang='lat' dir='ltr'>exspectationem</span> <span class='ocrx_word' id='word_1_337' title='bbox 704 2395 783 2434; x_wconf 86' lang='lat' dir='ltr'>auten</span> <span class='ocrx_word' id='word_1_338' title='bbox 816 2395 929 2450; x_wconf 86' lang='lat' dir='ltr'>expertus</span> <span class='ocrx_word' id='word_1_339' title='bbox 939 2394 983 2435; x_wconf 87' lang='lat' dir='ltr'>est.</span> <span class='ocrx_word' id='word_1_340' title='bbox 993 2388 1111 2434; x_wconf 77' lang='lat' dir='ltr'>Bnuncs.</span> <span class='ocrx_word' id='word_1_341' title='bbox 1144 2381 1298 2448; x_wconf 68' lang='lat' dir='ltr'>Legem-d</span> <span class='ocrx_word' id='word_1_342' title='bbox 1313 2391 1366 2442; x_wconf 80' lang='grc' dir='ltr'>φιλ-</span> 
     </span>
     <span class='ocr_line' id='line_1_31' title="bbox 233 2445 1365 2515; baseline 0 -20"><span class='ocrx_word' id='word_1_343' title='bbox 233 2449 278 2498; x_wconf 91' lang='lat' dir='ltr'>hoo</span> <span class='ocrx_word' id='word_1_344' title='bbox 288 2465 330 2512; x_wconf 86' lang='lat' dir='ltr'>pro</span> <span class='ocrx_word' id='word_1_345' title='bbox 341 2447 467 2497; x_wconf 79' lang='grc' dir='ltr'>καταλύειν</span> <span class='ocrx_word' id='word_1_346' title='bbox 476 2447 518 2496; x_wconf 77' lang='grc' dir='ltr'>τὸν</span> <span class='ocrx_word' id='word_1_347' title='bbox 528 2448 640 2508; x_wconf 80' lang='grc' dir='ltr'>πόλεμον.</span> <span class='ocrx_word' id='word_1_348' title='bbox 650 2449 734 2496; x_wconf 78' lang='lat' dir='ltr'>Baro.</span> <span class='ocrx_word' id='word_1_349' title='bbox 785 2481 792 2496; x_wconf 97' lang='lat'>.</span> <span class='ocrx_word' id='word_1_350' title='bbox 815 2449 976 2514; x_wconf 76' lang='grc' dir='ltr'>τιίτηγυναιξὶ</span> <span class='ocrx_word' id='word_1_351' title='bbox 986 2451 1101 2515; x_wconf 82' lang='grc' dir='ltr'>κεραμέαν</span> <span class='ocrx_word' id='word_1_352' title='bbox 1110 2450 1182 2499; x_wconf 78' lang='grc' dir='ltr'>ὅσονι</span> <span class='ocrx_word' id='word_1_353' title='bbox 1199 2449 1217 2496; x_wconf 90' lang='lat' dir='ltr'>i.</span> <span class='ocrx_word' id='word_1_354' title='bbox 1228 2465 1251 2496; x_wconf 87' lang='lat' dir='ltr'>e.</span> <span class='ocrx_word' id='word_1_355' title='bbox 1262 2447 1281 2495; x_wconf 72' lang='grc' dir='ltr'>ὦ</span> <span class='ocrx_word' id='word_1_356' title='bbox 1292 2445 1365 2508; x_wconf 51' lang='grc' dir='ltr'>κύλιξ</span> 
     </span>
     <span class='ocr_line' id='line_1_32' title="bbox 267 2513 1365 2582; baseline -0.002 -20"><span class='ocrx_word' id='word_1_357' title='bbox 267 2518 322 2564; x_wconf 89' lang='grc'><strong>198.</strong></span> <span class='ocrx_word' id='word_1_358' title='bbox 339 2513 405 2560; x_wconf 88' lang='lat' dir='ltr'>Male</span> <span class='ocrx_word' id='word_1_359' title='bbox 415 2513 441 2560; x_wconf 91' lang='lat' dir='ltr'>in</span> <span class='ocrx_word' id='word_1_360' title='bbox 452 2513 594 2560; x_wconf 85' lang='lat' dir='ltr'>Germanica</span> <span class='ocrx_word' id='word_1_361' title='bbox 609 2515 648 2560; x_wconf 87' lang='lat' dir='ltr'>ed.</span> <span class='ocrx_word' id='word_1_362' title='bbox 659 2513 699 2560; x_wconf 89' lang='lat' dir='ltr'>hio</span> <span class='ocrx_word' id='word_1_363' title='bbox 708 2529 782 2577; x_wconf 90' lang='lat' dir='ltr'>appo·</span> <span class='ocrx_word' id='word_1_364' title='bbox 819 2517 938 2582; x_wconf 80' lang='lat' dir='ltr'>Omnium,</span> <span class='ocrx_word' id='word_1_365' title='bbox 948 2523 1057 2580; x_wconf 78' lang='lat' dir='ltr'>quotquot</span> <span class='ocrx_word' id='word_1_366' title='bbox 1065 2523 1130 2579; x_wconf 81' lang='lat' dir='ltr'>sunt,</span> <span class='ocrx_word' id='word_1_367' title='bbox 1140 2513 1365 2578; x_wconf 76' lang='lat' dir='ltr'>cosoramfietilinss</span> 
     </span>
    </p>

    <p class='ocr_par' dir='ltr' id='par_1_5' title="bbox 116 2577 1364 4520">
     <span class='ocr_line' id='line_1_33' title="bbox 191 2577 1364 2642; baseline -0.002 -18"><span class='ocrx_word' id='word_1_368' title='bbox 191 2585 194 2598; x_wconf 93' lang='lat'>&#39;</span> <span class='ocrx_word' id='word_1_369' title='bbox 231 2577 278 2626; x_wconf 90' lang='lat' dir='ltr'>sita</span> <span class='ocrx_word' id='word_1_370' title='bbox 288 2587 326 2626; x_wconf 90' lang='lat' dir='ltr'>est</span> <span class='ocrx_word' id='word_1_371' title='bbox 334 2593 436 2642; x_wconf 90' lang='lat' dir='ltr'>persona</span> <span class='ocrx_word' id='word_1_372' title='bbox 447 2577 574 2633; x_wconf 79' lang='lat' dir='ltr'>Caloniooe,</span> <span class='ocrx_word' id='word_1_373' title='bbox 592 2593 664 2640; x_wconf 90' lang='lat' dir='ltr'>quum</span> <span class='ocrx_word' id='word_1_374' title='bbox 673 2578 783 2642; x_wconf 86' lang='lat' dir='ltr'>loquatur</span> <span class='ocrx_word' id='word_1_375' title='bbox 813 2582 953 2640; x_wconf 80' lang='lat' dir='ltr'>gratissimo</span> <span class='ocrx_word' id='word_1_376' title='bbox 972 2581 1113 2631; x_wconf 81' lang='lat' dir='ltr'>mulieribus.</span> <span class='ocrx_word' id='word_1_377' title='bbox 1131 2580 1214 2627; x_wconf 80' lang='lat' dir='ltr'>Brun.</span> <span class='ocrx_word' id='word_1_378' title='bbox 1251 2578 1304 2640; x_wconf 86' lang='lat' dir='ltr'>Ego</span> <span class='ocrx_word' id='word_1_379' title='bbox 1314 2577 1364 2639; x_wconf 85' lang='lat' dir='ltr'>qni·</span> 
     </span>
     <span class='ocr_line' id='line_1_34' title="bbox 231 2641 1362 2710; baseline -0.003 -20"><span class='ocrx_word' id='word_1_380' title='bbox 231 2641 341 2706; x_wconf 83' lang='lat' dir='ltr'>Lampito</span> <span class='ocrx_word' id='word_1_381' title='bbox 359 2650 383 2690; x_wconf 93' lang='lat' dir='ltr'>et</span> <span class='ocrx_word' id='word_1_382' title='bbox 400 2643 470 2690; x_wconf 84' lang='lat' dir='ltr'>verba</span> <span class='ocrx_word' id='word_1_383' title='bbox 480 2658 568 2689; x_wconf 81' lang='lat' dir='ltr'>merem</span> <span class='ocrx_word' id='word_1_384' title='bbox 584 2641 692 2704; x_wconf 76' lang='lat' dir='ltr'>Spartam</span> <span class='ocrx_word' id='word_1_385' title='bbox 702 2644 782 2690; x_wconf 83' lang='lat' dir='ltr'>oleant</span> <span class='ocrx_word' id='word_1_386' title='bbox 814 2643 868 2692; x_wconf 91' lang='lat' dir='ltr'>dem</span> <span class='ocrx_word' id='word_1_387' title='bbox 889 2646 923 2693; x_wconf 86' lang='lat' dir='ltr'>sic</span> <span class='ocrx_word' id='word_1_388' title='bbox 938 2647 1017 2710; x_wconf 88' lang='lat' dir='ltr'>potius</span> <span class='ocrx_word' id='word_1_389' title='bbox 1034 2645 1156 2706; x_wconf 87' lang='lat' dir='ltr'>Aristoph.</span> <span class='ocrx_word' id='word_1_390' title='bbox 1173 2643 1298 2705; x_wconf 79' lang='lat' dir='ltr'>scripsisse</span> <span class='ocrx_word' id='word_1_391' title='bbox 1312 2657 1362 2705; x_wconf 21' lang='lat' dir='ltr'>*cre-</span> 
     </span>
     <span class='ocr_line' id='line_1_35' title="bbox 231 2707 1362 2773; baseline 0.002 -21"><span class='ocrx_word' id='word_1_392' title='bbox 231 2721 263 2754; x_wconf 85' lang='lat' dir='ltr'>ex</span> <span class='ocrx_word' id='word_1_393' title='bbox 274 2707 375 2756; x_wconf 86' lang='lat' dir='ltr'>dialecto</span> <span class='ocrx_word' id='word_1_394' title='bbox 387 2707 485 2755; x_wconf 85' lang='lat' dir='ltr'>Dorica.</span> <span class='ocrx_word' id='word_1_395' title='bbox 498 2707 542 2754; x_wconf 86' lang='lat' dir='ltr'>Fn.</span> <span class='ocrx_word' id='word_1_396' title='bbox 554 2707 622 2755; x_wconf 80' lang='lat' dir='ltr'>Can.</span> <span class='ocrx_word' id='word_1_397' title='bbox 656 2707 780 2759; x_wconf 75' lang='lat' dir='ltr'>Mssvsn.</span> <span class='ocrx_word' id='word_1_398' title='bbox 814 2709 883 2757; x_wconf 87' lang='lat' dir='ltr'>dam:</span> <span class='ocrx_word' id='word_1_399' title='bbox 911 2708 929 2757; x_wconf 77' lang='grc' dir='ltr'><strong><em>ὦ</em></strong></span> <span class='ocrx_word' id='word_1_400' title='bbox 951 2710 1065 2773; x_wconf 83' lang='grc' dir='ltr'>φίλταται</span> <span class='ocrx_word' id='word_1_401' title='bbox 1082 2711 1198 2770; x_wconf 76' lang='grc' dir='ltr'>γυναῖκες,</span> <span class='ocrx_word' id='word_1_402' title='bbox 1221 2709 1362 2771; x_wconf 75' lang='grc' dir='ltr'>ὁκεραρόνν</span> 
     </span>
     <span class='ocr_line' id='line_1_36' title="bbox 230 2770 1362 2835; baseline 0 -17"><span class='ocrx_word' id='word_1_403' title='bbox 230 2770 260 2818; x_wconf 90' lang='grc' dir='ltr'>Ρ.</span> <span class='ocrx_word' id='word_1_404' title='bbox 271 2781 296 2820; x_wconf 88' lang='lat' dir='ltr'>et</span> <span class='ocrx_word' id='word_1_405' title='bbox 307 2774 378 2822; x_wconf 82' lang='lat' dir='ltr'>Voss.</span> <span class='ocrx_word' id='word_1_406' title='bbox 397 2772 485 2820; x_wconf 87' lang='lat' dir='ltr'>rectius</span> <span class='ocrx_word' id='word_1_407' title='bbox 500 2771 554 2818; x_wconf 89' lang='lat' dir='ltr'>huic</span> <span class='ocrx_word' id='word_1_408' title='bbox 566 2771 644 2819; x_wconf 84' lang='lat' dir='ltr'>versui</span> <span class='ocrx_word' id='word_1_409' title='bbox 655 2771 781 2834; x_wconf 80' lang='lat' dir='ltr'>praeligunt</span> <span class='ocrx_word' id='word_1_410' title='bbox 813 2772 993 2835; x_wconf 75' lang='grc' dir='ltr'>ίχλοι.ΗΕιιοι.</span> <span class='ocrx_word' id='word_1_411' title='bbox 1026 2773 1237 2834; x_wconf 78' lang='lat' dir='ltr'>InScaLExcerp.</span> <span class='ocrx_word' id='word_1_412' title='bbox 1250 2772 1362 2834; x_wconf 82' lang='lat' dir='ltr'>scriptum</span> 
     </span>
     <span class='ocr_line' id='line_1_37' title="bbox 228 2835 1361 2914; baseline -0.002 -30"><span class='ocrx_word' id='word_1_413' title='bbox 228 2851 353 2912; x_wconf 79' lang='lat' dir='ltr'>personam</span> <span class='ocrx_word' id='word_1_414' title='bbox 364 2836 517 2897; x_wconf 85' lang='lat' dir='ltr'>Lampitonis.</span> <span class='ocrx_word' id='word_1_415' title='bbox 527 2835 608 2914; x_wconf 40' lang='lat' dir='ltr'>Knusm</span> <span class='ocrx_word' id='word_1_416' title='bbox 626 2837 671 2896; x_wconf 80' lang='grc' dir='ltr'>φεῦ</span> <span class='ocrx_word' id='word_1_417' title='bbox 683 2837 720 2882; x_wconf 78' lang='grc' dir='ltr'>δᾶ.</span> <span class='ocrx_word' id='word_1_418' title='bbox 731 2837 778 2883; x_wconf 88' lang='lat' dir='ltr'>Eu·</span> <span class='ocrx_word' id='word_1_419' title='bbox 812 2848 849 2885; x_wconf 87' lang='lat' dir='ltr'>est</span> <span class='ocrx_word' id='word_1_420' title='bbox 869 2842 984 2900; x_wconf 76' lang='grc' dir='ltr'>γυναῖκες,</span> <span class='ocrx_word' id='word_1_421' title='bbox 1007 2841 1081 2903; x_wconf 73' lang='grc' dir='ltr'>ὄχλος</span> <span class='ocrx_word' id='word_1_422' title='bbox 1104 2838 1231 2900; x_wconf 76' lang='grc' dir='ltr'>κεραμέαν.</span> <span class='ocrx_word' id='word_1_423' title='bbox 1275 2836 1304 2883; x_wconf 89' lang='lat' dir='ltr'>ln</span> <span class='ocrx_word' id='word_1_424' title='bbox 1324 2836 1361 2882; x_wconf 87' lang='lat' dir='ltr'>ed.</span> 
     </span>
     <span class='ocr_line' id='line_1_38' title="bbox 227 2901 1361 3034; baseline -0.001 -22"><span class='ocrx_word' id='word_1_425' title='bbox 227 2914 310 3014; x_wconf 61' lang='lat' dir='ltr'>§.tt</span> <span class='ocrx_word' id='word_1_426' title='bbox 327 2901 779 3026; x_wconf 59' lang='lat' dir='ltr'>ilttltlit‘tlinitis.lt}</span> <span class='ocrx_word' id='word_1_427' title='bbox 812 2901 1361 3034; x_wconf 50' lang='lat' dir='ltr'>iilbt.i‚iii.&#39;i‘.‡‘..iiii.‘fiiiiii]</span> 
     </span>
     <span class='ocr_line' id='line_1_39' title="bbox 228 3029 1359 3096; baseline 0.004 -20"><span class='ocrx_word' id='word_1_428' title='bbox 228 3029 329 3093; x_wconf 83' lang='lat' dir='ltr'>syllabas</span> <span class='ocrx_word' id='word_1_429' title='bbox 351 3045 404 3076; x_wconf 89' lang='lat' dir='ltr'>esse</span> <span class='ocrx_word' id='word_1_430' title='bbox 433 3043 503 3075; x_wconf 85' lang='lat' dir='ltr'>unam</span> <span class='ocrx_word' id='word_1_431' title='bbox 529 3043 620 3084; x_wconf 90' lang='lat' dir='ltr'>vocem,</span> <span class='ocrx_word' id='word_1_432' title='bbox 650 3030 776 3078; x_wconf 89' lang='lat' dir='ltr'>secundum</span> <span class='ocrx_word' id='word_1_433' title='bbox 809 3030 835 3078; x_wconf 89' lang='lat' dir='ltr'>ii.</span> <span class='ocrx_word' id='word_1_434' title='bbox 847 3049 871 3096; x_wconf 92' lang='lat' dir='ltr'>p.</span> <span class='ocrx_word' id='word_1_435' title='bbox 882 3037 922 3083; x_wconf 78' lang='grc'>22.</span> <span class='ocrx_word' id='word_1_436' title='bbox 933 3035 986 3082; x_wconf 86' lang='lat' dir='ltr'>vide</span> <span class='ocrx_word' id='word_1_437' title='bbox 998 3035 1062 3082; x_wconf 77' lang='lat' dir='ltr'>Plus.</span> <span class='ocrx_word' id='word_1_438' title='bbox 1077 3038 1133 3082; x_wconf 79' lang='grc'><strong>750.</strong></span> <span class='ocrx_word' id='word_1_439' title='bbox 1151 3031 1220 3079; x_wconf 83' lang='lat' dir='ltr'>etita</span> <span class='ocrx_word' id='word_1_440' title='bbox 1234 3031 1359 3078; x_wconf 68' lang='lat' dir='ltr'>orsTrin.</span> 
     </span>
     <span class='ocr_line' id='line_1_40' title="bbox 226 3093 1360 3160; baseline 0.001 -19"><span class='ocrx_word' id='word_1_441' title='bbox 226 3095 341 3156; x_wconf 88' lang='lat' dir='ltr'>quosdam</span> <span class='ocrx_word' id='word_1_442' title='bbox 354 3093 472 3140; x_wconf 77' lang='lat' dir='ltr'>abundare</span> <span class='ocrx_word' id='word_1_443' title='bbox 484 3094 521 3154; x_wconf 82' lang='grc' dir='ltr'>δᾶ,</span> <span class='ocrx_word' id='word_1_444' title='bbox 532 3093 591 3140; x_wconf 86' lang='lat' dir='ltr'>alios</span> <span class='ocrx_word' id='word_1_445' title='bbox 603 3099 681 3140; x_wconf 85' lang='lat' dir='ltr'>autem</span> <span class='ocrx_word' id='word_1_446' title='bbox 693 3097 738 3155; x_wconf 77' lang='grc' dir='ltr'>φεῦ</span> <span class='ocrx_word' id='word_1_447' title='bbox 747 3097 776 3144; x_wconf 78' lang='grc' dir='ltr'>δᾶ</span> <span class='ocrx_word' id='word_1_448' title='bbox 810 3095 884 3145; x_wconf 87' lang='lat' dir='ltr'>Pons.</span> <span class='ocrx_word' id='word_1_449' title='bbox 903 3097 921 3146; x_wconf 79' lang='lat' dir='ltr'>d</span> <span class='ocrx_word' id='word_1_450' title='bbox 939 3107 966 3160; x_wconf 75' lang='grc' dir='ltr'>φ.</span> <span class='ocrx_word' id='word_1_451' title='bbox 982 3099 1088 3160; x_wconf 74' lang='grc' dir='ltr'>γυναῖκες</span> <span class='ocrx_word' id='word_1_452' title='bbox 1105 3099 1225 3160; x_wconf 73' lang='grc' dir='ltr'>κεραμεῶν</span> <span class='ocrx_word' id='word_1_453' title='bbox 1237 3095 1294 3145; x_wconf 73' lang='grc' dir='ltr'>ὅσοι</span> <span class='ocrx_word' id='word_1_454' title='bbox 1308 3105 1360 3142; x_wconf 81' lang='lat' dir='ltr'>octo</span> 
     </span>
     <span class='ocr_line' id='line_1_41' title="bbox 226 3157 1360 3226; baseline 0 -20"><span class='ocrx_word' id='word_1_455' title='bbox 226 3159 333 3222; x_wconf 87' lang='lat' dir='ltr'>accipere</span> <span class='ocrx_word' id='word_1_456' title='bbox 344 3173 386 3222; x_wconf 91' lang='lat' dir='ltr'>pro</span> <span class='ocrx_word' id='word_1_457' title='bbox 398 3159 443 3221; x_wconf 82' lang='grc' dir='ltr'>φεῦ</span> <span class='ocrx_word' id='word_1_458' title='bbox 451 3157 489 3219; x_wconf 63' lang='lat' dir='ltr'>dl,</span> <span class='ocrx_word' id='word_1_459' title='bbox 497 3157 555 3204; x_wconf 83' lang='lat' dir='ltr'>alios</span> <span class='ocrx_word' id='word_1_460' title='bbox 565 3173 608 3220; x_wconf 92' lang='lat' dir='ltr'>pro</span> <span class='ocrx_word' id='word_1_461' title='bbox 618 3160 663 3220; x_wconf 75' lang='grc' dir='ltr'>φεῦ</span> <span class='ocrx_word' id='word_1_462' title='bbox 673 3161 714 3219; x_wconf 78' lang='grc' dir='ltr'>γῆ,</span> <span class='ocrx_word' id='word_1_463' title='bbox 724 3175 776 3207; x_wconf 91' lang='lat' dir='ltr'>mu·</span> <span class='ocrx_word' id='word_1_464' title='bbox 809 3161 864 3208; x_wconf 81' lang='lat' dir='ltr'>edd.</span> <span class='ocrx_word' id='word_1_465' title='bbox 875 3164 994 3226; x_wconf 84' lang='lat' dir='ltr'>antiquae3</span> <span class='ocrx_word' id='word_1_466' title='bbox 1011 3165 1126 3226; x_wconf 75' lang='grc' dir='ltr'>κεραμεῶν</span> <span class='ocrx_word' id='word_1_467' title='bbox 1137 3161 1195 3211; x_wconf 77' lang='grc' dir='ltr'>ὅσον</span> <span class='ocrx_word' id='word_1_468' title='bbox 1204 3161 1279 3208; x_wconf 87' lang='lat' dir='ltr'>Bruh.</span> <span class='ocrx_word' id='word_1_469' title='bbox 1290 3165 1360 3208; x_wconf 73' lang='grc'><strong>1540.</strong></span> 
     </span>
     <span class='ocr_line' id='line_1_42' title="bbox 224 3219 1357 3287; baseline -0.002 -15"><span class='ocrx_word' id='word_1_470' title='bbox 224 3224 336 3286; x_wconf 71' lang='grc' dir='ltr'>τλίογὶα</span> <span class='ocrx_word' id='word_1_471' title='bbox 351 3225 374 3286; x_wconf 78' lang='grc' dir='ltr'>δ,</span> <span class='ocrx_word' id='word_1_472' title='bbox 385 3233 410 3270; x_wconf 88' lang='lat' dir='ltr'>ut</span> <span class='ocrx_word' id='word_1_473' title='bbox 420 3223 445 3270; x_wconf 91' lang='lat' dir='ltr'>in</span> <span class='ocrx_word' id='word_1_474' title='bbox 457 3219 570 3282; x_wconf 83' lang='grc' dir='ltr'>Δημήτηρ</span> <span class='ocrx_word' id='word_1_475' title='bbox 580 3235 605 3269; x_wconf 89' lang='lat' dir='ltr'>et</span> <span class='ocrx_word' id='word_1_476' title='bbox 619 3223 670 3270; x_wconf 88' lang='lat' dir='ltr'>aliis</span> <span class='ocrx_word' id='word_1_477' title='bbox 680 3223 775 3285; x_wconf 90' lang='lat' dir='ltr'>quibus·</span> <span class='ocrx_word' id='word_1_478' title='bbox 808 3227 925 3287; x_wconf 83' lang='grc' dir='ltr'>κεραμίων</span> <span class='ocrx_word' id='word_1_479' title='bbox 941 3227 1072 3278; x_wconf 78' lang='lat' dir='ltr'>doosPort.</span> <span class='ocrx_word' id='word_1_480' title='bbox 1087 3236 1112 3274; x_wconf 84' lang='lat' dir='ltr'>et</span> <span class='ocrx_word' id='word_1_481' title='bbox 1126 3228 1183 3274; x_wconf 89' lang='lat' dir='ltr'>edd.</span> <span class='ocrx_word' id='word_1_482' title='bbox 1201 3229 1276 3274; x_wconf 77' lang='grc'><strong>1624.</strong></span> <span class='ocrx_word' id='word_1_483' title='bbox 1287 3229 1357 3274; x_wconf 85' lang='grc'><strong>1670.</strong></span> 
     </span>
     <span class='ocr_line' id='line_1_43' title="bbox 225 3286 1358 3354; baseline 0.002 -18"><span class='ocrx_word' id='word_1_484' title='bbox 225 3289 287 3336; x_wconf 88' lang='lat' dir='ltr'>dam.</span> <span class='ocrx_word' id='word_1_485' title='bbox 307 3289 377 3352; x_wconf 75' lang='lat' dir='ltr'>Apud</span> <span class='ocrx_word' id='word_1_486' title='bbox 390 3288 472 3336; x_wconf 86' lang='lat' dir='ltr'>AEsch.</span> <span class='ocrx_word' id='word_1_487' title='bbox 484 3289 506 3332; x_wconf 92' lang='lat' dir='ltr'>in</span> <span class='ocrx_word' id='word_1_488' title='bbox 517 3286 637 3335; x_wconf 85' lang='lat' dir='ltr'>Prometh.</span> <span class='ocrx_word' id='word_1_489' title='bbox 648 3292 704 3334; x_wconf 83' lang='grc'><strong>670.</strong></span> <span class='ocrx_word' id='word_1_490' title='bbox 717 3289 775 3352; x_wconf 66' lang='lat' dir='ltr'>legi</span> <span class='ocrx_word' id='word_1_491' title='bbox 808 3291 850 3337; x_wconf 85' lang='lat' dir='ltr'>sed</span> <span class='ocrx_word' id='word_1_492' title='bbox 859 3293 904 3338; x_wconf 83' lang='lat' dir='ltr'>illae</span> <span class='ocrx_word' id='word_1_493' title='bbox 915 3293 941 3340; x_wconf 88' lang='lat' dir='ltr'>in</span> <span class='ocrx_word' id='word_1_494' title='bbox 952 3310 974 3340; x_wconf 89' lang='lat' dir='ltr'>v.</span> <span class='ocrx_word' id='word_1_495' title='bbox 986 3288 1358 3354; x_wconf 72' lang='grc' dir='ltr'>11.η·νναῖκεε,6χλοεκεραμίιαν,</span> 
     </span>
     <span class='ocr_line' id='line_1_44' title="bbox 225 3349 1360 3418; baseline 0.002 -18"><span class='ocrx_word' id='word_1_496' title='bbox 225 3361 263 3401; x_wconf 90' lang='lat' dir='ltr'>tur</span> <span class='ocrx_word' id='word_1_497' title='bbox 273 3352 291 3402; x_wconf 76' lang='lat' dir='ltr'>d</span> <span class='ocrx_word' id='word_1_498' title='bbox 302 3353 338 3409; x_wconf 78' lang='grc' dir='ltr'>δᾶ,</span> <span class='ocrx_word' id='word_1_499' title='bbox 354 3351 395 3400; x_wconf 91' lang='lat' dir='ltr'>ubi</span> <span class='ocrx_word' id='word_1_500' title='bbox 406 3353 485 3400; x_wconf 86' lang='lat' dir='ltr'>Schol.</span> <span class='ocrx_word' id='word_1_501' title='bbox 493 3351 522 3400; x_wconf 80' lang='grc' dir='ltr'>τὸ</span> <span class='ocrx_word' id='word_1_502' title='bbox 532 3350 557 3399; x_wconf 84' lang='grc' dir='ltr'>δὲ</span> <span class='ocrx_word' id='word_1_503' title='bbox 573 3349 591 3398; x_wconf 74' lang='grc' dir='ltr'><strong>ὦ</strong></span> <span class='ocrx_word' id='word_1_504' title='bbox 603 3353 631 3400; x_wconf 75' lang='grc' dir='ltr'>δᾶ</span> <span class='ocrx_word' id='word_1_505' title='bbox 642 3351 694 3400; x_wconf 70' lang='grc' dir='ltr'>ἀντί</span> <span class='ocrx_word' id='word_1_506' title='bbox 704 3355 746 3400; x_wconf 80' lang='grc' dir='ltr'>τοῦ</span> <span class='ocrx_word' id='word_1_507' title='bbox 757 3353 775 3401; x_wconf 71' lang='grc' dir='ltr'><em>ὦ</em></span> <span class='ocrx_word' id='word_1_508' title='bbox 807 3356 892 3403; x_wconf 86' lang='lat' dir='ltr'>eScal.</span> <span class='ocrx_word' id='word_1_509' title='bbox 903 3358 967 3404; x_wconf 81' lang='lat' dir='ltr'>notis</span> <span class='ocrx_word' id='word_1_510' title='bbox 978 3357 1038 3418; x_wconf 83' lang='lat' dir='ltr'>Mes.</span> <span class='ocrx_word' id='word_1_511' title='bbox 1050 3357 1150 3406; x_wconf 89' lang='lat' dir='ltr'>scilicet.</span> <span class='ocrx_word' id='word_1_512' title='bbox 1165 3356 1200 3418; x_wconf 86' lang='lat' dir='ltr'>[E</span> <span class='ocrx_word' id='word_1_513' title='bbox 1210 3355 1275 3402; x_wconf 84' lang='lat' dir='ltr'>Soal.</span> <span class='ocrx_word' id='word_1_514' title='bbox 1284 3355 1360 3416; x_wconf 78' lang='grc' dir='ltr'>ίχλοτ</span> 
     </span>
     <span class='ocr_line' id='line_1_45' title="bbox 223 3416 1357 3480; baseline -0.001 -14"><span class='ocrx_word' id='word_1_515' title='bbox 223 3421 266 3479; x_wconf 70' lang='grc' dir='ltr'>εγῆ,</span> <span class='ocrx_word' id='word_1_516' title='bbox 282 3420 398 3480; x_wconf 78' lang='grc' dir='ltr'><strong>Δωρικῶς.</strong></span> <span class='ocrx_word' id='word_1_517' title='bbox 415 3416 437 3464; x_wconf 89' lang='lat' dir='ltr'>ol</span> <span class='ocrx_word' id='word_1_518' title='bbox 446 3417 494 3479; x_wconf 74' lang='lat' dir='ltr'>¹ydp</span> <span class='ocrx_word' id='word_1_519' title='bbox 504 3417 600 3478; x_wconf 78' lang='grc' dir='ltr'>Δωριεῖς</span> <span class='ocrx_word' id='word_1_520' title='bbox 614 3416 658 3475; x_wconf 74' lang='grc' dir='ltr'>την</span> <span class='ocrx_word' id='word_1_521' title='bbox 673 3418 721 3477; x_wconf 78' lang='grc' dir='ltr'>γῆν</span> <span class='ocrx_word' id='word_1_522' title='bbox 731 3419 775 3466; x_wconf 75' lang='grc' dir='ltr'>δᾶν</span> <span class='ocrx_word' id='word_1_523' title='bbox 807 3420 926 3470; x_wconf 76' lang='lat' dir='ltr'>derivasse</span> <span class='ocrx_word' id='word_1_524' title='bbox 937 3423 1046 3470; x_wconf 84' lang='lat' dir='ltr'>videntur</span> <span class='ocrx_word' id='word_1_525' title='bbox 1056 3437 1111 3468; x_wconf 88' lang='lat' dir='ltr'>suas</span> <span class='ocrx_word' id='word_1_526' title='bbox 1121 3419 1310 3480; x_wconf 68' lang='lat' dir='ltr'>emendationes,</span> <span class='ocrx_word' id='word_1_527' title='bbox 1327 3435 1357 3465; x_wconf 79' lang='lat' dir='ltr'>aa·</span> 
     </span>
     <span class='ocr_line' id='line_1_46' title="bbox 224 3479 1357 3548; baseline -0.001 -16"><span class='ocrx_word' id='word_1_528' title='bbox 224 3493 283 3548; x_wconf 77' lang='grc' dir='ltr'>φατι</span> <span class='ocrx_word' id='word_1_529' title='bbox 304 3483 342 3532; x_wconf 83' lang='grc' dir='ltr'>καί</span> <span class='ocrx_word' id='word_1_530' title='bbox 365 3481 408 3530; x_wconf 70' lang='grc' dir='ltr'>τὸν</span> <span class='ocrx_word' id='word_1_531' title='bbox 425 3479 516 3542; x_wconf 75' lang='grc' dir='ltr'>γνόφον</span> <span class='ocrx_word' id='word_1_532' title='bbox 534 3479 628 3543; x_wconf 71' lang='lat' dir='ltr'>tripos.</span> <span class='ocrx_word' id='word_1_533' title='bbox 660 3481 775 3543; x_wconf 83' lang='lat' dir='ltr'>Loquitur</span> <span class='ocrx_word' id='word_1_534' title='bbox 806 3499 853 3546; x_wconf 90' lang='lat' dir='ltr'>que</span> <span class='ocrx_word' id='word_1_535' title='bbox 863 3485 916 3532; x_wconf 84' lang='lat' dir='ltr'>illas</span> <span class='ocrx_word' id='word_1_536' title='bbox 926 3486 1044 3548; x_wconf 81' lang='lat' dir='ltr'>infelices,</span> <span class='ocrx_word' id='word_1_537' title='bbox 1056 3487 1128 3534; x_wconf 91' lang='lat' dir='ltr'>Bent.</span> <span class='ocrx_word' id='word_1_538' title='bbox 1138 3496 1163 3532; x_wconf 89' lang='lat' dir='ltr'>et</span> <span class='ocrx_word' id='word_1_539' title='bbox 1172 3485 1253 3548; x_wconf 86' lang='lat' dir='ltr'>Toup.</span> <span class='ocrx_word' id='word_1_540' title='bbox 1263 3485 1287 3530; x_wconf 83' lang='lat' dir='ltr'>in</span> <span class='ocrx_word' id='word_1_541' title='bbox 1294 3483 1357 3531; x_wconf 86' lang='lat' dir='ltr'>Plnt.</span> 
     </span>
     <span class='ocr_line' id='line_1_47' title="bbox 223 3545 1356 3612; baseline 0.001 -17"><span class='ocrx_word' id='word_1_542' title='bbox 223 3555 303 3595; x_wconf 81' lang='lat' dir='ltr'>antem</span> <span class='ocrx_word' id='word_1_543' title='bbox 313 3547 375 3608; x_wconf 83' lang='lat' dir='ltr'>apud</span> <span class='ocrx_word' id='word_1_544' title='bbox 382 3547 498 3593; x_wconf 88' lang='lat' dir='ltr'>comicum</span> <span class='ocrx_word' id='word_1_545' title='bbox 509 3546 596 3592; x_wconf 81' lang='lat' dir='ltr'>Dorica</span> <span class='ocrx_word' id='word_1_546' title='bbox 604 3545 692 3592; x_wconf 81' lang='lat' dir='ltr'>semina</span> <span class='ocrx_word' id='word_1_547' title='bbox 703 3547 773 3593; x_wconf 87' lang='lat' dir='ltr'>Lam-</span> <span class='ocrx_word' id='word_1_548' title='bbox 806 3553 862 3596; x_wconf 89' lang='grc'><strong>800.</strong></span> <span class='ocrx_word' id='word_1_549' title='bbox 883 3557 907 3596; x_wconf 89' lang='lat' dir='ltr'>et</span> <span class='ocrx_word' id='word_1_550' title='bbox 925 3551 1052 3598; x_wconf 73' lang='lat' dir='ltr'>Philetaero</span> <span class='ocrx_word' id='word_1_551' title='bbox 1070 3551 1169 3598; x_wconf 82' lang='lat' dir='ltr'>Suid.v.</span> <span class='ocrx_word' id='word_1_552' title='bbox 1188 3547 1356 3612; x_wconf 73' lang='grc' dir='ltr'>ἂμταλίναιροε,</span> 
     </span>
     <span class='ocr_line' id='line_1_48' title="bbox 238 3609 1356 3678; baseline 0 -18"><span class='ocrx_word' id='word_1_553' title='bbox 238 3610 527 3670; x_wconf 64' lang='grc' dir='ltr'>ἰίο,αῑιεε1ε1ικίιεῑε6.</span> <span class='ocrx_word' id='word_1_554' title='bbox 545 3609 597 3657; x_wconf 87' lang='lat' dir='ltr'>Far.</span> <span class='ocrx_word' id='word_1_555' title='bbox 632 3611 659 3657; x_wconf 89' lang='lat' dir='ltr'>ln</span> <span class='ocrx_word' id='word_1_556' title='bbox 675 3611 772 3672; x_wconf 89' lang='lat' dir='ltr'>quibus·</span> <span class='ocrx_word' id='word_1_557' title='bbox 806 3613 836 3659; x_wconf 91' lang='lat' dir='ltr'>de</span> <span class='ocrx_word' id='word_1_558' title='bbox 857 3629 904 3678; x_wconf 88' lang='lat' dir='ltr'>quo</span> <span class='ocrx_word' id='word_1_559' title='bbox 923 3615 989 3663; x_wconf 89' lang='lat' dir='ltr'>Pors.</span> <span class='ocrx_word' id='word_1_560' title='bbox 1009 3615 1073 3662; x_wconf 86' lang='lat' dir='ltr'>Adv.</span> <span class='ocrx_word' id='word_1_561' title='bbox 1094 3631 1120 3678; x_wconf 87' lang='lat' dir='ltr'>p.</span> <span class='ocrx_word' id='word_1_562' title='bbox 1139 3617 1196 3664; x_wconf 83' lang='grc'><strong>296.</strong></span> <span class='ocrx_word' id='word_1_563' title='bbox 1226 3613 1315 3662; x_wconf 86' lang='lat' dir='ltr'>Dosa.</span> <span class='ocrx_word' id='word_1_564' title='bbox 1332 3614 1356 3660; x_wconf 84' lang='lat' dir='ltr'>in</span> 
     </span>
     <span class='ocr_line' id='line_1_49' title="bbox 221 3627 1356 3790; baseline 0.002 -67"><span class='ocrx_word' id='word_1_565' title='bbox 221 3627 277 3723; x_wconf 70' lang='lat' dir='ltr'>dam</span> <span class='ocrx_word' id='word_1_566' title='bbox 295 3682 373 3722; x_wconf 89' lang='lat' dir='ltr'>autem</span> <span class='ocrx_word' id='word_1_567' title='bbox 395 3675 450 3721; x_wconf 90' lang='lat' dir='ltr'>edd.</span> <span class='ocrx_word' id='word_1_568' title='bbox 474 3689 575 3736; x_wconf 87' lang='lat' dir='ltr'>persona</span> <span class='ocrx_word' id='word_1_569' title='bbox 597 3675 716 3723; x_wconf 84' lang='lat' dir='ltr'>Calonicae</span> <span class='ocrx_word' id='word_1_570' title='bbox 736 3685 773 3723; x_wconf 91' lang='lat' dir='ltr'>est</span> <span class='ocrx_word' id='word_1_571' title='bbox 806 3677 884 3790; x_wconf 63' lang='lat' dir='ltr'>Adup</span> <span class='ocrx_word' id='word_1_572' title='bbox 918 3679 1090 3742; x_wconf 83' lang='lat' dir='ltr'>Jamquodait</span> <span class='ocrx_word' id='word_1_573' title='bbox 1106 3680 1177 3728; x_wconf 87' lang='lat' dir='ltr'>Kust.</span> <span class='ocrx_word' id='word_1_574' title='bbox 1196 3678 1276 3726; x_wconf 88' lang='lat' dir='ltr'>“Ms.</span> <span class='ocrx_word' id='word_1_575' title='bbox 1288 3678 1356 3728; x_wconf 86' lang='lat' dir='ltr'>Voss.</span> 
     </span>
     <span class='ocr_line' id='line_1_50' title="bbox 220 3739 1356 3807; baseline 0.001 -19"><span class='ocrx_word' id='word_1_576' title='bbox 220 3743 326 3804; x_wconf 77' lang='lat' dir='ltr'>prefixa.</span> <span class='ocrx_word' id='word_1_577' title='bbox 354 3739 438 3786; x_wconf 73' lang='lat' dir='ltr'>Bono.</span> <span class='ocrx_word' id='word_1_578' title='bbox 468 3741 569 3787; x_wconf 71' lang='grc' dir='ltr'>ἑπαινιῶ.</span> <span class='ocrx_word' id='word_1_579' title='bbox 605 3740 651 3787; x_wconf 90' lang='lat' dir='ltr'>Pro</span> <span class='ocrx_word' id='word_1_580' title='bbox 679 3743 771 3789; x_wconf 74' lang='grc' dir='ltr'>ἐπαινῶ.</span> <span class='ocrx_word' id='word_1_581' title='bbox 806 3757 848 3804; x_wconf 88' lang='lat' dir='ltr'>pro</span> <span class='ocrx_word' id='word_1_582' title='bbox 880 3761 922 3794; x_wconf 80' lang='lat' dir='ltr'>eos</span> <span class='ocrx_word' id='word_1_583' title='bbox 940 3745 1012 3792; x_wconf 85' lang='lat' dir='ltr'>habet</span> <span class='ocrx_word' id='word_1_584' title='bbox 1030 3743 1130 3807; x_wconf 77' lang='grc' dir='ltr'>ὄχλοε,”</span> <span class='ocrx_word' id='word_1_585' title='bbox 1155 3745 1189 3790; x_wconf 88' lang='lat' dir='ltr'>bis</span> <span class='ocrx_word' id='word_1_586' title='bbox 1206 3743 1356 3790; x_wconf 65' lang='lat' dir='ltr'>salsnm’est.</span> 
     </span>
     <span class='ocr_line' id='line_1_51' title="bbox 220 3803 1355 3872; baseline 0 -18"><span class='ocrx_word' id='word_1_587' title='bbox 220 3805 306 3855; x_wconf 81' lang='lat' dir='ltr'>Baro.</span> <span class='ocrx_word' id='word_1_588' title='bbox 323 3805 397 3867; x_wconf 84' lang='grc' dir='ltr'>φεῦὸα</span> <span class='ocrx_word' id='word_1_589' title='bbox 412 3805 461 3850; x_wconf 91' lang='lat' dir='ltr'>Ms.</span> <span class='ocrx_word' id='word_1_590' title='bbox 481 3803 547 3850; x_wconf 87' lang='lat' dir='ltr'>Trin.</span> <span class='ocrx_word' id='word_1_591' title='bbox 569 3805 655 3858; x_wconf 80' lang='lat' dir='ltr'>Dona.</span> <span class='ocrx_word' id='word_1_592' title='bbox 683 3805 772 3854; x_wconf 84' lang='lat' dir='ltr'>Versus</span> <span class='ocrx_word' id='word_1_593' title='bbox 805 3807 909 3855; x_wconf 89' lang='lat' dir='ltr'>Primum</span> <span class='ocrx_word' id='word_1_594' title='bbox 927 3811 953 3856; x_wconf 90' lang='lat' dir='ltr'>in</span> <span class='ocrx_word' id='word_1_595' title='bbox 970 3811 1104 3872; x_wconf 82' lang='lat' dir='ltr'>apographo</span> <span class='ocrx_word' id='word_1_596' title='bbox 1123 3807 1202 3864; x_wconf 69' lang='lat' dir='ltr'>Voss„</span> <span class='ocrx_word' id='word_1_597' title='bbox 1220 3807 1271 3855; x_wconf 78' lang='lat' dir='ltr'>sive</span> <span class='ocrx_word' id='word_1_598' title='bbox 1290 3809 1355 3854; x_wconf 84' lang='lat' dir='ltr'>Msto</span> 
     </span>
     <span class='ocr_line' id='line_1_52' title="bbox 220 3869 1354 3936; baseline -0.002 -15"><span class='ocrx_word' id='word_1_599' title='bbox 220 3875 277 3921; x_wconf 88' lang='grc'><strong>199.</strong></span> <span class='ocrx_word' id='word_1_600' title='bbox 301 3869 438 3916; x_wconf 84' lang='lat' dir='ltr'>tribuendus</span> <span class='ocrx_word' id='word_1_601' title='bbox 456 3875 494 3915; x_wconf 88' lang='lat' dir='ltr'>est</span> <span class='ocrx_word' id='word_1_602' title='bbox 520 3869 674 3933; x_wconf 79' lang='lat' dir='ltr'>Lysistratae:</span> <span class='ocrx_word' id='word_1_603' title='bbox 691 3875 788 3918; x_wconf 69' lang='lat' dir='ltr'>versut·</span> <span class='ocrx_word' id='word_1_604' title='bbox 804 3871 870 3919; x_wconf 86' lang='lat' dir='ltr'>Trin.</span> <span class='ocrx_word' id='word_1_605' title='bbox 881 3889 927 3936; x_wconf 91' lang='lat' dir='ltr'>qno</span> <span class='ocrx_word' id='word_1_606' title='bbox 942 3873 983 3920; x_wconf 88' lang='lat' dir='ltr'>ille</span> <span class='ocrx_word' id='word_1_607' title='bbox 1001 3890 1057 3922; x_wconf 88' lang='lat' dir='ltr'>usus</span> <span class='ocrx_word' id='word_1_608' title='bbox 1074 3883 1120 3936; x_wconf 89' lang='lat' dir='ltr'>est,</span> <span class='ocrx_word' id='word_1_609' title='bbox 1136 3881 1232 3920; x_wconf 80' lang='lat' dir='ltr'>notatur</span> <span class='ocrx_word' id='word_1_610' title='bbox 1253 3871 1354 3920; x_wconf 78' lang='lat' dir='ltr'>delicere</span> 
     </span>
     <span class='ocr_line' id='line_1_53' title="bbox 218 3933 1354 4000; baseline -0.002 -15"><span class='ocrx_word' id='word_1_611' title='bbox 218 3941 276 3986; x_wconf 92' lang='grc'><strong>200.</strong></span> <span class='ocrx_word' id='word_1_612' title='bbox 285 3939 341 3984; x_wconf 92' lang='grc'><strong>201.</strong></span> <span class='ocrx_word' id='word_1_613' title='bbox 351 3933 420 3980; x_wconf 86' lang='lat' dir='ltr'>alteri</span> <span class='ocrx_word' id='word_1_614' title='bbox 432 3933 532 3988; x_wconf 88' lang='lat' dir='ltr'>mulieri,</span> <span class='ocrx_word' id='word_1_615' title='bbox 541 3935 578 3980; x_wconf 85' lang='lat' dir='ltr'>vel</span> <span class='ocrx_word' id='word_1_616' title='bbox 588 3935 716 3990; x_wconf 83' lang='lat' dir='ltr'>Calonicae,</span> <span class='ocrx_word' id='word_1_617' title='bbox 734 3937 770 3982; x_wconf 86' lang='lat' dir='ltr'>vel</span> <span class='ocrx_word' id='word_1_618' title='bbox 805 3936 875 3984; x_wconf 85' lang='lat' dir='ltr'>Voss.</span> <span class='ocrx_word' id='word_1_619' title='bbox 887 3953 902 3985; x_wconf 84' lang='lat' dir='ltr'>a</span> <span class='ocrx_word' id='word_1_620' title='bbox 914 3937 1026 3998; x_wconf 83' lang='grc' dir='ltr'>σταμνίον</span> <span class='ocrx_word' id='word_1_621' title='bbox 1036 3943 1092 3988; x_wconf 87' lang='grc'><strong>199.</strong></span> <span class='ocrx_word' id='word_1_622' title='bbox 1110 3953 1184 4000; x_wconf 87' lang='lat' dir='ltr'>usque</span> <span class='ocrx_word' id='word_1_623' title='bbox 1196 3937 1227 3984; x_wconf 85' lang='lat' dir='ltr'>ad</span> <span class='ocrx_word' id='word_1_624' title='bbox 1237 3936 1293 3986; x_wconf 81' lang='grc' dir='ltr'>ὅσαι</span> <span class='ocrx_word' id='word_1_625' title='bbox 1300 3941 1354 3986; x_wconf 84' lang='grc'><strong>268.</strong></span> 
     </span>
     <span class='ocr_line' id='line_1_54' title="bbox 219 3999 1352 4066; baseline 0.002 -18"><span class='ocrx_word' id='word_1_626' title='bbox 219 4001 363 4066; x_wconf 84' lang='lat' dir='ltr'>Myrrhinae:</span> <span class='ocrx_word' id='word_1_627' title='bbox 382 4001 518 4046; x_wconf 79' lang='grc'><strong>202-201.</strong></span> <span class='ocrx_word' id='word_1_628' title='bbox 528 4013 609 4046; x_wconf 88' lang='lat' dir='ltr'>rursus</span> <span class='ocrx_word' id='word_1_629' title='bbox 624 3999 772 4062; x_wconf 78' lang='lat' dir='ltr'>Lysistrntae.</span> <span class='ocrx_word' id='word_1_630' title='bbox 804 3999 899 4048; x_wconf 82' lang='lat' dir='ltr'>Deinde</span> <span class='ocrx_word' id='word_1_631' title='bbox 910 4003 975 4050; x_wconf 80' lang='lat' dir='ltr'>Trin.</span> <span class='ocrx_word' id='word_1_632' title='bbox 982 4005 1008 4050; x_wconf 93' lang='lat' dir='ltr'>in</span> <span class='ocrx_word' id='word_1_633' title='bbox 1019 4011 1085 4050; x_wconf 85' lang='lat' dir='ltr'>textu</span> <span class='ocrx_word' id='word_1_634' title='bbox 1096 4004 1177 4055; x_wconf 87' lang='lat' dir='ltr'>habet.</span> <span class='ocrx_word' id='word_1_635' title='bbox 1184 4001 1273 4064; x_wconf 65' lang='lat' dir='ltr'>dud-7.</span> <span class='ocrx_word' id='word_1_636' title='bbox 1282 4005 1352 4064; x_wconf 70' lang='grc' dir='ltr'>ὄχλοι</span> 
     </span>
     <span class='ocr_line' id='line_1_55' title="bbox 219 4063 1352 4132; baseline -0.004 -16"><span class='ocrx_word' id='word_1_637' title='bbox 219 4064 347 4116; x_wconf 61' lang='lat' dir='ltr'>Rursrem.</span> <span class='ocrx_word' id='word_1_638' title='bbox 357 4077 383 4126; x_wconf 91' lang='lat' dir='ltr'>p.</span> <span class='ocrx_word' id='word_1_639' title='bbox 394 4067 450 4111; x_wconf 82' lang='grc'><strong>245.</strong></span> <span class='ocrx_word' id='word_1_640' title='bbox 467 4063 499 4122; x_wconf 80' lang='lat' dir='ltr'>V.</span> <span class='ocrx_word' id='word_1_641' title='bbox 513 4067 568 4110; x_wconf 87' lang='grc'><strong>190.</strong></span> <span class='ocrx_word' id='word_1_642' title='bbox 580 4063 719 4126; x_wconf 63' lang='lat' dir='ltr'>Lysistratus</span> <span class='ocrx_word' id='word_1_643' title='bbox 730 4065 770 4111; x_wconf 88' lang='lat' dir='ltr'>tri·</span> <span class='ocrx_word' id='word_1_644' title='bbox 803 4065 863 4128; x_wconf 74' lang='lat' dir='ltr'>(sic)</span> <span class='ocrx_word' id='word_1_645' title='bbox 882 4067 996 4130; x_wconf 76' lang='grc' dir='ltr'>κεραμέαν</span> <span class='ocrx_word' id='word_1_646' title='bbox 1014 4067 1078 4132; x_wconf 76' lang='grc' dir='ltr'>ὅσοι,</span> <span class='ocrx_word' id='word_1_647' title='bbox 1096 4075 1121 4115; x_wconf 86' lang='lat' dir='ltr'>et</span> <span class='ocrx_word' id='word_1_648' title='bbox 1141 4068 1232 4114; x_wconf 86' lang='lat' dir='ltr'>scholio</span> <span class='ocrx_word' id='word_1_649' title='bbox 1255 4069 1352 4131; x_wconf 73' lang='lat' dir='ltr'>praefigit</span> 
     </span>
     <span class='ocr_line' id='line_1_56' title="bbox 116 4127 1350 4194; baseline 0 -16"><span class='ocrx_word' id='word_1_650' title='bbox 116 4145 120 4162; x_wconf 87' lang='lat'><strong><em>¹</em></strong></span> <span class='ocrx_word' id='word_1_651' title='bbox 219 4134 295 4180; x_wconf 91' lang='lat' dir='ltr'>buunt</span> <span class='ocrx_word' id='word_1_652' title='bbox 304 4130 375 4176; x_wconf 87' lang='lat' dir='ltr'>etiam</span> <span class='ocrx_word' id='word_1_653' title='bbox 390 4129 461 4175; x_wconf 89' lang='lat' dir='ltr'>Bent.</span> <span class='ocrx_word' id='word_1_654' title='bbox 479 4134 504 4172; x_wconf 91' lang='lat' dir='ltr'>et</span> <span class='ocrx_word' id='word_1_655' title='bbox 517 4127 599 4174; x_wconf 85' lang='lat' dir='ltr'>Reisk.</span> <span class='ocrx_word' id='word_1_656' title='bbox 611 4128 693 4175; x_wconf 84' lang='lat' dir='ltr'>Drnn.</span> <span class='ocrx_word' id='word_1_657' title='bbox 709 4135 768 4178; x_wconf 86' lang='grc' dir='ltr'><strong>Λοσ.</strong></span> <span class='ocrx_word' id='word_1_658' title='bbox 802 4131 919 4192; x_wconf 83' lang='grc' dir='ltr'>κεραμίων</span> <span class='ocrx_word' id='word_1_659' title='bbox 930 4133 984 4183; x_wconf 78' lang='grc' dir='ltr'>ὅσος</span> <span class='ocrx_word' id='word_1_660' title='bbox 993 4141 1094 4188; x_wconf 77' lang='lat' dir='ltr'>matam,</span> <span class='ocrx_word' id='word_1_661' title='bbox 1103 4133 1136 4179; x_wconf 85' lang='lat' dir='ltr'>ibi</span> <span class='ocrx_word' id='word_1_662' title='bbox 1147 4147 1350 4194; x_wconf 82' lang='lat' dir='ltr'>quoquemoneus</span> 
     </span>
     <span class='ocr_line' id='line_1_57' title="bbox 218 4191 1349 4260; baseline 0.002 -18"><span class='ocrx_word' id='word_1_663' title='bbox 218 4194 316 4260; x_wconf 79' lang='grc' dir='ltr'>φερέτω.</span> <span class='ocrx_word' id='word_1_664' title='bbox 333 4193 392 4240; x_wconf 89' lang='lat' dir='ltr'>Post</span> <span class='ocrx_word' id='word_1_665' title='bbox 404 4191 518 4251; x_wconf 84' lang='grc' dir='ltr'>σταμνίον</span> <span class='ocrx_word' id='word_1_666' title='bbox 524 4192 549 4238; x_wconf 89' lang='lat' dir='ltr'>in</span> <span class='ocrx_word' id='word_1_667' title='bbox 560 4207 632 4253; x_wconf 82' lang='lat' dir='ltr'>marg.</span> <span class='ocrx_word' id='word_1_668' title='bbox 643 4201 659 4221; x_wconf 87' lang='grc'>“</span> <span class='ocrx_word' id='word_1_669' title='bbox 673 4193 770 4241; x_wconf 86' lang='lat' dir='ltr'>Desunt</span> <span class='ocrx_word' id='word_1_670' title='bbox 802 4196 907 4244; x_wconf 84' lang='lat' dir='ltr'>hiulcum</span> <span class='ocrx_word' id='word_1_671' title='bbox 927 4215 979 4246; x_wconf 86' lang='lat' dir='ltr'>esse</span> <span class='ocrx_word' id='word_1_672' title='bbox 998 4199 1068 4246; x_wconf 88' lang='lat' dir='ltr'>Voss.</span> <span class='ocrx_word' id='word_1_673' title='bbox 1099 4196 1131 4243; x_wconf 79' lang='lat' dir='ltr'>Et</span> <span class='ocrx_word' id='word_1_674' title='bbox 1146 4193 1247 4244; x_wconf 88' lang='lat' dir='ltr'>scholia&#39;</span> <span class='ocrx_word' id='word_1_675' title='bbox 1257 4197 1349 4260; x_wconf 86' lang='lat' dir='ltr'>quidem</span> 
     </span>
     <span class='ocr_line' id='line_1_58' title="bbox 218 4256 1347 4321; baseline -0.002 -13"><span class='ocrx_word' id='word_1_676' title='bbox 218 4262 309 4321; x_wconf 84' lang='lat' dir='ltr'>reliqua</span> <span class='ocrx_word' id='word_1_677' title='bbox 329 4258 355 4303; x_wconf 90' lang='lat' dir='ltr'>in</span> <span class='ocrx_word' id='word_1_678' title='bbox 365 4258 414 4303; x_wconf 83' lang='lat' dir='ltr'>Ms.</span> <span class='ocrx_word' id='word_1_679' title='bbox 434 4256 518 4306; x_wconf 84' lang='lat' dir='ltr'>Voss.’&#39;</span> <span class='ocrx_word' id='word_1_680' title='bbox 538 4257 564 4302; x_wconf 88' lang='lat' dir='ltr'>M</span> <span class='ocrx_word' id='word_1_681' title='bbox 568 4273 587 4304; x_wconf 89' lang='lat' dir='ltr'>s.</span> <span class='ocrx_word' id='word_1_682' title='bbox 605 4257 671 4304; x_wconf 89' lang='lat' dir='ltr'>Trin.</span> <span class='ocrx_word' id='word_1_683' title='bbox 683 4259 769 4307; x_wconf 84' lang='lat' dir='ltr'>Dosa.</span> <span class='ocrx_word' id='word_1_684' title='bbox 800 4263 898 4310; x_wconf 84' lang='lat' dir='ltr'>resarcit</span> <span class='ocrx_word' id='word_1_685' title='bbox 907 4263 992 4312; x_wconf 87' lang='lat' dir='ltr'>Trin.e</span> <span class='ocrx_word' id='word_1_686' title='bbox 1004 4270 1021 4292; x_wconf 84' lang='lat'>“</span> <span class='ocrx_word' id='word_1_687' title='bbox 1032 4261 1082 4309; x_wconf 89' lang='lat' dir='ltr'>Ms.</span> <span class='ocrx_word' id='word_1_688' title='bbox 1094 4260 1217 4308; x_wconf 88' lang='lat' dir='ltr'>Brunck.&#39;’</span> <span class='ocrx_word' id='word_1_689' title='bbox 1227 4262 1270 4308; x_wconf 82' lang='lat' dir='ltr'>sed</span> <span class='ocrx_word' id='word_1_690' title='bbox 1280 4261 1347 4308; x_wconf 86' lang='lat' dir='ltr'>istum</span> 
     </span>
     <span class='ocr_line' id='line_1_59' title="bbox 252 4321 1347 4391; baseline 0.001 -20"><span class='ocrx_word' id='word_1_691' title='bbox 252 4328 308 4371; x_wconf 90' lang='grc'><strong>200.</strong></span> <span class='ocrx_word' id='word_1_692' title='bbox 324 4321 514 4381; x_wconf 78' lang='grc' dir='ltr'>κεραμέωνὸσος.</span> <span class='ocrx_word' id='word_1_693' title='bbox 534 4321 577 4368; x_wconf 85' lang='lat' dir='ltr'>Est</span> <span class='ocrx_word' id='word_1_694' title='bbox 596 4323 664 4370; x_wconf 88' lang='lat' dir='ltr'>locus</span> <span class='ocrx_word' id='word_1_695' title='bbox 682 4327 767 4371; x_wconf 86' lang='lat' dir='ltr'>obscu-</span> <span class='ocrx_word' id='word_1_696' title='bbox 802 4324 861 4372; x_wconf 86' lang='lat' dir='ltr'>Cod.</span> <span class='ocrx_word' id='word_1_697' title='bbox 869 4343 988 4391; x_wconf 83' lang='lat' dir='ltr'>nunqnam</span> <span class='ocrx_word' id='word_1_698' title='bbox 998 4327 1057 4375; x_wconf 83' lang='lat' dir='ltr'>citat</span> <span class='ocrx_word' id='word_1_699' title='bbox 1066 4328 1096 4374; x_wconf 90' lang='lat' dir='ltr'>ad</span> <span class='ocrx_word' id='word_1_700' title='bbox 1109 4332 1213 4372; x_wconf 75' lang='lat' dir='ltr'>textum.</span> <span class='ocrx_word' id='word_1_701' title='bbox 1243 4325 1347 4380; x_wconf 84' lang='lat' dir='ltr'>Quinad</span> 
     </span>
     <span class='ocr_line' id='line_1_60' title="bbox 217 4385 1351 4449; baseline 0 -15"><span class='ocrx_word' id='word_1_702' title='bbox 217 4403 265 4436; x_wconf 87' lang='lat' dir='ltr'>rus.</span> <span class='ocrx_word' id='word_1_703' title='bbox 293 4387 340 4431; x_wconf 83' lang='lat' dir='ltr'>Ms.</span> <span class='ocrx_word' id='word_1_704' title='bbox 353 4385 423 4431; x_wconf 88' lang='lat' dir='ltr'>Voss.</span> <span class='ocrx_word' id='word_1_705' title='bbox 432 4401 474 4447; x_wconf 91' lang='lat' dir='ltr'>pro</span> <span class='ocrx_word' id='word_1_706' title='bbox 486 4385 541 4434; x_wconf 82' lang='grc' dir='ltr'>ίίσοε</span> <span class='ocrx_word' id='word_1_707' title='bbox 550 4387 623 4434; x_wconf 83' lang='lat' dir='ltr'>habet</span> <span class='ocrx_word' id='word_1_708' title='bbox 635 4385 723 4449; x_wconf 77' lang='grc' dir='ltr'>ίχλοςι</span> <span class='ocrx_word' id='word_1_709' title='bbox 737 4403 766 4435; x_wconf 89' lang='lat' dir='ltr'>an</span> <span class='ocrx_word' id='word_1_710' title='bbox 799 4393 840 4438; x_wconf 89' lang='grc'>01.</span> <span class='ocrx_word' id='word_1_711' title='bbox 859 4393 947 4440; x_wconf 88' lang='lat' dir='ltr'>diserte</span> <span class='ocrx_word' id='word_1_712' title='bbox 963 4393 1004 4448; x_wconf 86' lang='lat' dir='ltr'>ait,</span> <span class='ocrx_word' id='word_1_713' title='bbox 1022 4399 1100 4438; x_wconf 83' lang='lat' dir='ltr'>tentus</span> <span class='ocrx_word' id='word_1_714' title='bbox 1120 4391 1230 4438; x_wconf 83' lang='lat' dir='ltr'>lacunam</span> <span class='ocrx_word' id='word_1_715' title='bbox 1249 4405 1283 4438; x_wconf 85' lang='lat' dir='ltr'>ex</span> <span class='ocrx_word' id='word_1_716' title='bbox 1294 4389 1351 4438; x_wconf 86' lang='lat' dir='ltr'>edit.</span> 
     </span>
     <span class='ocr_line' id='line_1_61' title="bbox 218 4448 1351 4520; baseline 0.004 -22"><span class='ocrx_word' id='word_1_717' title='bbox 218 4467 288 4501; x_wconf 86' lang='lat' dir='ltr'>sensu</span> <span class='ocrx_word' id='word_1_718' title='bbox 297 4448 410 4495; x_wconf 89' lang='lat' dir='ltr'>meliore?</span> <span class='ocrx_word' id='word_1_719' title='bbox 420 4449 471 4511; x_wconf 84' lang='lat' dir='ltr'>Ego</span> <span class='ocrx_word' id='word_1_720' title='bbox 481 4465 536 4497; x_wconf 83' lang='lat' dir='ltr'>sane</span> <span class='ocrx_word' id='word_1_721' title='bbox 547 4450 769 4513; x_wconf 83' lang='lat' dir='ltr'>hiccaligo.Kusr.</span> <span class='ocrx_word' id='word_1_722' title='bbox 800 4453 874 4502; x_wconf 85' lang='lat' dir='ltr'>Basil.</span> <span class='ocrx_word' id='word_1_723' title='bbox 888 4457 1002 4520; x_wconf 82' lang='lat' dir='ltr'>suppleri.</span> <span class='ocrx_word' id='word_1_724' title='bbox 1034 4455 1119 4518; x_wconf 85' lang='lat' dir='ltr'>Neque</span> <span class='ocrx_word' id='word_1_725' title='bbox 1141 4468 1237 4516; x_wconf 85' lang='lat' dir='ltr'>prorsus</span> <span class='ocrx_word' id='word_1_726' title='bbox 1258 4460 1351 4502; x_wconf 60' lang='lat' dir='ltr'>censat</span> 
     </span>
    </p>
   </div>
   <div class='ocr_carea' id='block_1_3' title="bbox 218 4515 1350 4582">
    <p class='ocr_par' dir='ltr' id='par_1_6' title="bbox 218 4515 1350 4582">
     <span class='ocr_line' id='line_1_62' title="bbox 218 4515 1350 4582; baseline 0 -16"><span class='ocrx_word' id='word_1_727' title='bbox 218 4515 343 4566; x_wconf 66' lang='lat' dir='ltr'>assem</span> <span class='ocrx_word' id='word_1_728' title='bbox 356 4520 382 4561; x_wconf 84' lang='lat' dir='ltr'>el</span> <span class='ocrx_word' id='word_1_729' title='bbox 400 4522 497 4562; x_wconf 82' lang='lat' dir='ltr'>metrum</span> <span class='ocrx_word' id='word_1_730' title='bbox 508 4515 730 4572; x_wconf 81' lang='lat' dir='ltr'>meliusconstabit,</span> <span class='ocrx_word' id='word_1_731' title='bbox 747 4517 766 4566; x_wconf 80' lang='lat' dir='ltr'>st</span> <span class='ocrx_word' id='word_1_732' title='bbox 799 4517 855 4579; x_wconf 83' lang='lat' dir='ltr'>quis</span> <span class='ocrx_word' id='word_1_733' title='bbox 872 4520 944 4572; x_wconf 81' lang='lat' dir='ltr'>tuerit</span> <span class='ocrx_word' id='word_1_734' title='bbox 970 4521 1047 4570; x_wconf 79' lang='lat' dir='ltr'>“Ms.</span> <span class='ocrx_word' id='word_1_735' title='bbox 1069 4518 1192 4570; x_wconf 56' lang='lat' dir='ltr'>umnam*</span> <span class='ocrx_word' id='word_1_736' title='bbox 1227 4533 1300 4582; x_wconf 73' lang='lat' dir='ltr'>quum</span> <span class='ocrx_word' id='word_1_737' title='bbox 1326 4518 1350 4566; x_wconf 85' lang='lat' dir='ltr'>in</span> 
     </span>
    </p>
   </div>
   <div class='ocr_carea' id='block_1_4' title="bbox 0 0 1456 4908">
    <p class='ocr_par' dir='ltr' id='par_1_7' title="bbox 0 0 1456 4908">
     <span class='ocr_line' id='line_1_63' title="bbox 0 0 1456 4908; baseline 0 9"><span class='ocrx_word' id='word_1_738' title='bbox 0 0 1456 4908; x_wconf 95' lang='lat' dir='ltr'> </span> 
     </span>
    </p>
   </div>
  </div>
 </body>
</html>
