2872 4916
57 407 263 498 locs-orn]
409 425 827 492 unrumurrnzormr.
1131 443 1189 506 ors

57 592 185 634 mentorum
205 585 308 634 omnium
328 585 445 650 ultimum,
466 589 530 648 quod
551 587 605 638 aliis
635 605 732 638 ,vorsum
742 593 824 640 Schol.
835 592 866 640 ad
877 591 941 639 an.
955 595 1009 642 tuo.
1021 591 1192 644 adhacuerbr

56 651 279 716 superinjiciebatur,
305 659 355 698 erut
381 649 504 712 ἔγκυκλον,
532 655 604 715 pullu.
636 655 732 717 cornici,
749 657 827 720 αἰθέρα
837 656 891 705 Διδς
902 655 1025 720 δωμάτιον,
1037 651 1095 704 dicit
1104 657 1194 708 essars
1275 673 1279 682 ’

56 715 108 762 Hoc
117 715 275 778 liqueretinm
285 717 362 776 eloco
371 717 432 764 inira
443 721 499 766 499.
511 719 552 764 ubi
569 719 604 766 di·
639 723 793 780 Μελανίππης
813 720 961 782 Σοφοκλέους
981 731 1007 768 et
1028 723 1061 768 sic
1078 723 1191 770 exhibet:

57 780 113 826 citur
124 781 206 828 mulier
225 795 328 842 expanso
346 783 440 844 encpcto
459 783 574 830 elabentis
587 797 605 829 c
639 782 720 845 ὄμνυμι
737 789 756 835 δ’
775 787 837 850 ίερδν
854 785 932 850 αῐθέρα
947 788 1039 844 οἴκησιν
1047 783 1109 834 Διός.
1143 789 1192 836 Uiri

56 845 160 892 conclavi
180 847 264 896 nroechi
281 847 359 906 lugam
382 847 477 894 texisse.
509 847 604 894 Falsum
636 864 683 911 ego
697 851 787 899 scholia
805 851 945 911 corrigenda
959 864 1011 898 esse
1024 853 1142 914 putosic:
1165 855 1193 904 ἐκ

57 917 90 955 est
99 910 179 975 igitur,
197 911 260 974 quod
271 911 383 958 Eustath.
392 912 416 958 in
428 911 498 958 Iliad.
513 927 538 974 p·
549 916 606 960 976.
639 913 888 978 Μελανίπτηςσοφῆς.
921 916 1096 964 Constatenim
1108 917 1191 981 Eurip.

58 974 291 1022 ePausaniatrarlit:
310 974 369 1036 φησί
388 978 447 1036 γοῦν
463 975 604 1040 Παυσανίας,
639 980 759 1040 scripsisse
788 981 922 1044 tragoediam
944 982 989 1027 hoc
1009 981 1114 1036 nomine,
1142 997 1191 1030 nort
1259 985 1262 992 '

55 1038 89 1086 ὅτι
113 1038 230 1099 ἔγκυκλον
248 1041 417 1103 περιπόρφυρον
441 1039 541 1102 ἱμάτιον,
566 1042 605 1090 καὶ
638 1043 712 1106 Soph.
726 1054 835 1107 praterea
854 1045 888 1093 ibi
905 1061 952 1092 non
971 1045 1044 1107 Soph.
1058 1046 1194 1110 perstringit

57 1105 128 1164 χιτὼν
137 1107 274 1166 γυναικεῖος,
292 1105 320 1154 δν
330 1106 423 1155 ἔνδοθεν
433 1104 552 1154 ἐνδύονται
562 1123 604 1166 γυ·
638 1111 751 1173 comicus,
769 1111 813 1158 sed
830 1111 1010 1172 EuripBrrntr.
1043 1109 1089 1156 llic
1110 1125 1191 1159 rursus

55 1171 139 1226 ναῖκες,
159 1169 210 1218 siro
220 1169 248 1217 τδ
259 1169 352 1230 ἔνδυμα.
364 1169 462 1231 λέγεται
472 1171 506 1230 δὲ,
522 1171 603 1232 φησὶν,
638 1173 736 1221 suismet
755 1175 830 1238 ipsius
851 1174 926 1222 verbis
948 1173 1089 1236 1066176011
1108 1175 1192 1238 Eurip.

55 1234 89 1280 ὑπ’
101 1235 166 1284 ἐνίων
176 1235 318 1295 ἐπιγονατὶς,
336 1231 395 1284 διότι
412 1235 482 1298 μέχρι
500 1235 606 1295 γονιίταν
638 1239 702 1302 cujus
711 1240 737 1285 in
748 1240 887 1302 Melanippe
900 1239 936 1286 hic
945 1243 1095 1286 eratversus:
1108 1238 1193 1302 ὄμνυμι

55 1297 134 1356 διήκει.
167 1301 258 1348 Verum
275 1309 312 1348 est
330 1303 392 1364 quod
412 1302 484 1348 tradit
498 1301 605 1350 Surdas
638 1304 657 1348 δ’
669 1302 730 1367 ιἐρδν
739 1303 816 1365 αἰθέρ’,
827 1305 919 1361 οίκησιν
929 1302 993 1352 Διός.
1027 1303 1090 1350 Vide
1102 1303 1189 1352 Valck.

53 1365 114 1412 hunc
131 1366 210 1421 locum
228 1363 360 1428 respiciens
376 1366 403 1412 in
422 1363 545 1426 ἔγκυκλον.
566 1366 604 1414 καὶ
633 1367 715 1415 Dian.
736 1369 817 1430 Eurip.
830 1386 853 1430 p.
863 1373 902 1417 49.
923 1369 964 1416 ubi
988 1367 1060 1430 Berg,
1078 1369 1188 1418 emenda-

50 1429 134 1490 δῆλον,
145 1430 175 1478 ὣς
185 1429 214 1478 τδ
224 1427 268 1489 μὲν
278 1429 395 1490 ἔγκυκλόν
405 1431 470 1478 ἐστιν
480 1421 578 1486 indrroir·
590 1434 603 1478 t
638 1432 694 1478 tioni
706 1435 812 1481 meritam
821 1435 914 1480 luudenr
924 1432 1017 1482 tribuit.
1038 1433 1157 1480 Buurrcrr.

53 1493 76 1542 δὲ
86 1493 204 1557 κροκωτδς
214 1495 306 1554 ἔνδυμα.
319 1494 427 1544 -τουτῖ
439 1494 495 1552 λάβ’
505 1495 551 1544 durh
560 1498 603 1552 τῆς
668 1503 724 1546 973.
740 1499 785 1557 τὴν
805 1495 970 1561 Ἱπποκράτους
988 1495 1112 1557 ξυνοικίαν.
1143 1499 1188 1546 AE-

51 1561 160 1610 κλινίδος.
191 1559 230 1607 Sic
238 1561 298 1608 bene
309 1561 381 1609 Kust.
392 1561 417 1606 in
428 1561 499 1608 notis.
522 1562 602 1622 Vulgo
635 1561 928 1625 schylinEurnem920.
952 1561 1044 1622 δέξομαι
1061 1561 1189 1613 Παλλάδος

49 1624 161 1672 mendose
179 1623 245 1672 τουτὶ
266 1625 377 1686 λάμβαν’.
399 1625 520 1674 Βκυνοιι.
535 1625 602 1674 τουτὶ
635 1625 758 1685 ξυνοικίαν,
767 1631 881 1690 accipiam
890 1627 1189 1679 Pullndiscontrrlrerut‘um.

48 1689 151 1748 λίμβαιῖ
170 1690 216 1738 tot
236 1691 279 1742 τῖις
296 1701 335 1739 κλ.
369 1691 404 1738 Ut
420 1699 522 1738 metrum
538 1699 601 1738 recte
634 1691 664 1737 ln
686 1693 838 1740 contubernio
857 1707 937 1739 aurern
957 1692 1109 1754 Hippocratis
1132 1703 1189 1740 suut

48 1769 73 1800 se
84 1757 179 1810 lrabeat,
197 1756 325 1818 legendum
339 1764 375 1802 est
393 1754 460 1803 τουτί
480 1755 537 1811 λάβ’
556 1756 602 1804 tut
634 1756 685 1818 ejus
696 1757 749 1820 filii,
767 1757 950 1817 διαβαλλόμενοι
961 1754 1094 1811 sternuto,
1112 1765 1139 1804 ut
1157 1757 1188 1806 de
1247 1807 1249 1810 ,

45 1820 88 1876 τῆς
104 1828 144 1868 κλ.
163 1820 243 1867 Kusr.
275 1821 340 1882 Lege
357 1820 422 1876 λαβ,
441 1821 487 1867 etsi
499 1819 564 1866 soit.
577 1823 601 1868 in
634 1819 664 1868 iis
684 1823 787 1884 loquitur
806 1823 951 1870 Scholiastes
970 1823 998 1867 ad
1012 1821 1078 1868 Nub.
1089 1825 1145 1869 997.
1156 1825 1188 1870 ad

46 1882 166 1942 ἔγκυκλον
184 1885 256 1932 habet
266 1885 376 1942 λέμβον.
389 1886 470 1932 Bunr.
490 1887 600 1946 λθιιβανζ
631 1886 686 1933 lraec
697 1887 856 1934 corniciverba
867 1903 872 1930 :
885 1889 934 1935 τοῖς
941 1884 1107 1947 Ἱπποκράτους
1113 1885 1187 1936 υἱέσιν
1247 1943 1252 1952 ,

45 1949 79 1996 sic
98 1949 416 2010 ἓιιίἀ.αι1.Μει.ἔγκνκλον.
435 1949 518 1998 κλινίς.
552 1951 600 1998 Ubi
634 1951 707 2010 εἴξεις,
729 1951 769 2000 καί
784 1969 813 2000 σε
830 1953 928 2000 καλοῦσι
947 1949 1106 2010 βλιτυμθμαν.
1144 1951 1187 1999 Est

45 2015 100 2075 lege
112 2013 276 2075 ἐκτεταμένον.
288 2015 368 2063 Pous.
633 2026 709 2063 autern
722 2015 790 2065 δαδία
801 2015 1013 2079 porcina-quedam
1025 2013 1185 2066 immunditia.

75 2083 136 2128 269.
152 2079 227 2126 Totus
237 2091 274 2127 est
284 2079 429 2127 Mnesilochi
442 2079 521 2139 etleg.
531 2079 598 2141 γοῦν,
632 2079 734 2128 Eosdem
746 2081 897 2144 Hippocratis
916 2081 975 2129 lilios
993 2087 1103 2141 tanquam
1121 2080 1187 2128 stoli-

43 2152 69 2190 ut
86 2143 156 2192 Suid.
175 2145 255 2199 habet,
275 2159 378 2206 sequens
398 2151 435 2191 est
453 2144 598 2205 Agathorris.
632 2145 674 2192 dos
696 2147 788 2194 notavit
807 2145 914 2210 Eupolis.
947 2145 1008 2192 Vide
1027 2143 1058 2191 ad
1078 2145 1187 2192 illum-in

42 2207 137 2258 Ratsr.
156 2208 321 2272 χαλαράγού
331 2208 421 2271 χαίρεις
432 2211 516 2270 φορῶν.
553 2209 597 2255 Lu·
632 2209 698 2258 Nub.
717 2211 795 2258 locum
813 2220 902 2258 notato.
917 2209 1002 2256 Burro.
1035 2207 1188 2271 Hippocratis

40 2275 134 2321 cianus.
148 2273 230 2324 Boeo.
250 2274 348 2338 χαλαρὰ
357 2277 416 2334 γοῦν
433 2275 523 2336 χαίρεις
533 2273 599 2320 Suid.
629 2275 729 2322 ⁴filiorum
749 2277 855 2324 meminit
872 2274 976 2322 comicus
992 2273 1186 2323 Nob.1⁰01.od

39 2338 92 2385 Ms.
103 2340 129 2386 in
141 2339 245 2403 χαλαρὰ,
258 2339 310 2402 [ubi
320 2341 379 2399 γοῦν
389 2337 478 2402 χαίρεις
487 2338 524 2384 ed.
533 2339 599 2385 Med.
632 2355 703 2402 quem
715 2341 792 2388 locum
803 2341 866 2388 vide.
883 2341 1003 2388 Bauncrr.

39 2402 141 2465 trous]
153 2404 231 2453 Pons.
256 2405 352 2468 χαλαρὰ
369 2407 429 2465 γοῦν
448 2402 537 2466 χαίρεις
555 2411 598 2464 φο·
664 2409 719 2454 274,
736 2403 820 2465 ὄμνυμι
838 2403 916 2453 τοίνυν
934 2401 1024 2452 πάντας
1041 2403 1112 2466 ἄρδην
1132 2402 1188 2452 τοὺς

37 2471 95 2530 ρῶν.
129 2469 169 2516 Sic
188 2469 213 2515 in
235 2467 297 2516 Cod.
319 2470 447 2532 scriptum3
473 2478 523 2516 tum
546 2483 598 2530 quae
632 2470 703 2519 θεούς.
732 2466 1007 2534 17.Ειιι1ρ.Μο6.746.
1040 2467 1105 2518 Vide
1116 2483 1188 2532 supra

37 2541 174 2596 sequuntur
191 2534 232 2580 olii
249 2547 357 2596 personat
377 2534 477 2582 tributa:
495 2534 559 2580 unde
570 2533 598 2579 li·
631 2537 687 2583 270.
699 2535 785 2584 Burro.

37 2609 100 2659 quet
126 2599 205 2661 priora
230 2615 283 2646 esse
311 2599 442 2662 Euripidis,
468 2597 599 2661 posteriora
664 2604 720 2650 275.
736 2599 772 2648 δτι
785 2598 809 2657 ἡ.
843 2598 906 2661 Lege
919 2596 953 2646 ὅθ’
971 2596 995 2655 ἦ.
1011 2598 1095 2645 Busa.
1127 2597 1184 2644 Non

37 2663 185 2725 Agathonis.
216 2665 366 2712 Omniahaec
377 2679 419 2710 sua
429 2663 599 2726 perspicuitate
630 2665 714 2710 male:
740 2665 789 2711 rid.
812 2663 879 2710 Pors.
901 2665 931 2710 ad
951 2663 1082 2710 Hec.112.
1102 2661 1186 2709 Editor
1241 2670 1247 2684 ⁸

34 2729 95 2774 satis
112 2743 140 2775 se
157 2729 333 2784 cornmendant
350 2737 376 2776 ot
392 2727 469 2775 versio
480 2743 599 2775 commen·
631 2736 681 2774 not.
693 2730 765 2776 Bent.
784 2727 821 2776 trra
831 2727 846 2786 ἡ
857 2727 918 2790 φρὴν
936 2729 1034 2787 ὤμοσεν,
1052 2725 1067 2784 ἡ
1085 2729 1186 2786 γλῶττα

35 2793 93 2838 terii
113 2793 193 2840 instar
214 2787 261 2841 est.
298 2793 434 2840 Absurdum
454 2793 480 2839 in
501 2793 597 2840 modurn
631 2793 715 2856 δὀθχ
729 2793 843 2854 ὀμώμοκε.
878 2793 930 2840 Hoc
940 2799 1066 2866 propterea
1076 2792 1143 2848 dicit,
1154 2807 1185 2840 ne

35 2872 159 2918 perversor
178 2865 246 2904 erant
265 2859 378 2922 loquendi
388 2859 460 2912 vices,
472 2858 504 2903 ita
514 2863 542 2904 ut
552 2857 597 2903 mi·
631 2868 714 2919 postea
725 2860 786 2906 forte
799 2857 882 2920 Eurip.
892 2856 1046 2924 jurejurando
1064 2858 1185 2920 neglecto,

32 2936 110 2978 rarer,
131 2923 152 2968 si
164 2923 291 2985 quisquam
308 2939 409 2986 unquam
428 2937 506 2970 scenae
524 2922 597 2968 retic—
631 2921 703 2979 dicat,
722 2925 921 2982 quemadmodum
931 2921 996 2984 apud
1004 2922 1082 2984 ipsum
1095 2921 1187 2984 Hippo·
1282 2934 1283 2941 ¹

32 3001 94 3034 nam
114 2988 195 3034 anirno
217 2987 342 3052 concipere
362 2987 475 3050 potuerit,
496 2999 597 3048 eantque
631 2987 695 3050 lytus
714 2989 772 3036 dicit
787 2989 813 3035 in
831 2987 965 3049 cognomini
983 2987 1085 3034 dramate
1097 2989 1154 3036 612.
1174 2985 1190 3044 ἡ

32 3051 412 3114 sibirepraesenture.Brrurrcrr..
436 3052 540 3098 Suid.in
551 3067 596 3110 xc·
630 3053 847 3114 γλῶσσόμώμοχ,
861 3050 1187 3114 ἡδὲφρδνδνιίμοτοςιοιιο

30 3116 100 3177 λαρδι
122 3118 205 3164 locum
222 3119 285 3164 hunc
306 3117 403 3180 profert,
426 3116 477 3163 sic:
501 3114 598 3178 χαλαρὰ
630 3117 712 3164 allusit
729 3117 912 3165 comicusetienr
925 3117 989 3164 Ran-
1001 3121 1073 3164 1512.
1085 3125 1110 3163 et
1119 3115 1187 3163 alibi.
1235 3137 1250 3166 ς

30 3183 98 3240 γοῦν
115 3181 210 3242 χαίροις
231 3183 318 3244 φορῶν.
353 3181 422 3230 Boua¹
443 3189 507 3228 esset
526 3181 596 3236 lectio
631 3181 662 3228 Et
680 3182 799 3229 Lucienus
819 3195 932 3243 perquam
944 3181 1027 3228 ‘facete
1045 3180 1071 3226 in
1079 3180 1188 3227 Vitamm

28 3245 136 3308 χαλαριί
146 3247 170 3306 γ’
182 3246 212 3294 δν
230 3245 319 3309 χαίροις
339 3249 424 3308 φορῶν,
442 3259 483 3308 per
501 3245 597 3306 ellipsin
630 3246 750 3293 Auctione
761 3247 792 3294 de
800 3247 908 3293 simulata
918 3243 1054 3306 θναλγησίορ
1063 3243 1188 3302 είοίοιιιὴ
1226 3252 1235 3266 ‘

27 3311 68 3358 sio
78 3312 251 3374 supplendam,
260 3309 500 3375 είμήσοιᾶρμιίσειιν.
516 3311 598 3358 Laxos
630 3310 692 3373 φρήν
713 3329 751 3360 σοι
773 3309 885 3370 ἀλγήσει,
909 3309 924 3368 ἡ
946 3309 971 3358 δὲ
995 3311 1098 3370 γλῶσσα
1120 3307 1187 3357 ἔσται

23 3383 132 3436 gesture
153 3391 256 3440 anseres,
266 3377 287 3425 si
303 3379 380 3426 mitras
398 3377 425 3424 lu'
441 3375 486 3424 tihi
500 3375 550 3438 apti
561 3389 597 3422 er·
631 3375 773 3435 ἀνάλγητος.
786 3375 871 3422 Bono.

27 3447 100 3489 sent.
112 3441 154 3488 In.
664 3445 720 3489 276.
737 3439 891 3488 inversione
909 3453 958 3486 non
976 3437 1113 3500 exprimitur
1123 3437 1185 3485 illud

65 3509 128 3553 265.
147 3507 274 3555 metuo.
306 3505 376 3553 Istud
387 3503 509 3568 Agatlroni
519 3503 598 3566 potior
632 3505 693 3568 isphr
703 3505 809 3554 ὦθεῖταιι
827 3503 854 3551 id
872 3510 949 3551 autern
967 3515 1013 3565 est,
1028 3502 1124 3552 uictima
1132 3518 1188 3565 pro·

22 3571 200 3617 tribuendum.
234 3572 298 3618 Num
310 3571 335 3617 in
349 3569 461 3617 machina
475 3569 537 3616 intro
556 3583 598 3615 au·
630 3571 736 3633 pellitur.
769 3571 830 3628 Quat
848 3585 922 3631 quum
938 3568 1186 3630 rideaturessepare-

23 3636 121 3682 fertur.
144 3636 207 3682 sicut
225 3636 304 3683 exibat
321 3632 505 3693 ἔκκυκλούμενος
523 3650 548 3680 ν.
559 3637 600 3681 96.
633 3635 756 3699 ρίριαρλο,
774 3644 802 3682 ut
811 3642 906 3689 vocant,
923 3649 969 3696 qua
981 3641 1089 3680 monetur
1106 3632 1187 3689 lector,

25 3700 207 3748 Mnesilochus
224 3709 303 3748 autent
323 3699 398 3748 adhuc
415 3708 503 3746 manet.
513 3699 598 3746 Banu.
633 3701 690 3762 quid
702 3708 783 3763 agetur
792 3701 817 3746 in
830 3713 908 3754 scena,
920 3714 969 3745 norr
980 3699 1037 3746 satis
1048 3697 1187 3760 intelligibi·

22 3763 227 3822 εῖσκυκλησάτα.
261 3765 326 3814 Vide
336 3780 380 3812 nos
392 3764 422 3812 de
434 3766 477 3812 hac
489 3778 547 3810 voce
559 3779 598 3810 su·
634 3765 663 3812 lis
679 3775 717 3813 est
737 3767 782 3812 hoc
803 3765 864 3811 loco.
898 3763 982 3825 Itaque
1001 3761 1139 3816 videndum,
1158 3778 1188 3810 au

20 3845 75 3892 pra
89 3831 120 3875 ad
133 3835 177 3878 96.
194 3829 275 3878 Kcsr.
633 3830 694 3876 torte
716 3830 783 3876 aliter
807 3829 921 3889 scriptum
941 3827 1021 3876 suerit.
1066 3825 1111 3872 Eu.
1133 3827 1187 3874 Far.

64 3897 127 3941 266.
144 3895 224 3941 There
235 3893 319 3941 should
339 3895 419 3941 he'no
436 3899 489 3956 stop
509 3893 534 3939 in
551 3892 600 3939 this
634 3894 672 3942 iric
693 3895 770 3950 habet,
795 3891 938 3953 ὀλολύζουσί
955 3909 985 3954 γε
1006 3889 1067 3954 ῖερδν
1088 3888 1188 3946 ὠθεῖται,

19 3973 121 4004 verse:
142 3957 201 4021 ἀνὴρ
211 3958 255 4018 μὲν
266 3958 318 4018 ἡμῖν
335 3958 416 4007 οὑτοσὶ
431 3957 470 4006 nol
487 3957 516 4014 δὴ
530 3956 612 4018 puni.-
634 3958 699 4021 quod
709 3957 781 4006 etiarn
791 3968 827 4005 est
840 3959 959 4012 vitiosum,
979 3957 1020 4004 sed
1031 3969 1101 4017 parva
1113 3963 1189 4001 muta-

19 4032 42 4050 “
63 4023 113 4069 We
125 4025 188 4070 trave
199 4033 224 4071 at
236 4025 318 4086 length
328 4024 482 4070 transformed
493 4021 601 4071 titisman
634 4024 699 4070 tione
718 4025 837 4072 meliorem
855 4023 955 4070 exhibet
971 4035 1080 4068 sensum:
1101 4017 1188 4068 ὀλολύ-

16 4091 85 4134 into
97 4103 112 4132 a
124 4088 246 4136 wumen.''
258 4090 274 4137 J
277 4103 329 4136 orrn
343 4087 460 4136 Senatu.
635 4085 708 4148 ζουσι.
719 4087 795 4150 γέρων
805 4087 904 4136 ιὐθεῖταί.
937 4086 999 4134 Cum
1007 4100 1054 4147 quo
1065 4092 1119 4145 apte
1131 4099 1189 4131 con·

61 4157 128 4200 270.
146 4153 173 4201 τί
188 4155 278 4218 χρῆμα.
311 4153 375 4201 Vide
386 4153 463 4208 locutu
476 4167 504 4198 ex
517 4151 601 4214 Eurip.
633 4153 700 4199 venit
721 4153 784 4213 quod
800 4149 889 4214 Eurip.
906 4150 981 4207 prlicit:
1014 4148 1126 4196 ἔκσπευδε
1148 4167 1189 4197 τα-

16 4217 172 4264 adductum
183 4221 213 4264 ad
221 4225 279 4268 975.
291 4217 375 4264 Barac,
499 4245 506 4262 .
635 4217 703 4276 χέας.
714 4218 798 4264 listro.
809 4216 908 4265 ὠθεῖται.
925 4216 952 4261 L.
966 4213 1089 4276 αἰωρεῖται.
1100 4213 1191 4260 Rarsrr.

61 4287 127 4330 272.
146 4281 231 4344 ὄμνυμι
249 4282 328 4331 τοίνυν
346 4278 414 4342 αίθέρ’
433 4281 524 4335 οἴκησιν
538 4279 601 4328 Διός.
636 4283 714 4328 Voces
730 4279 873 4341 ὄλολιίζουσί
888 4299 916 4329 τε
937 4279 998 4344 ἴερδν
1016 4277 1107 4326 ὠθεῖται
1124 4278 1192 4326 uncis

15 4347 101 4393 Ran.
112 4351 174 4397 313.
194 4345 282 4410 αἰθέρα,
300 4345 356 4396 Διδς
375 4343 497 4404 δωμάτιον.
531 4343 600 4392 Utro·
635 4346 732 4393 inclusit
750 4348 823 4395 Bent.
846 4346 929 4393 Duru.
968 4343 998 4390 ln
1019 4344 1191 4407 perepigrrrplre

12 4413 108 4472 bique
121 4413 203 4470 tangit
213 4413 297 4476 Eurip.
309 4411 350 4474 qui
361 4411 484 4473 phrasibus
495 4407 563 4456 hisce
575 4409 598 4456 in
635 4410 767 4474 posthunc
778 4425 872 4458 versurn
887 4411 957 4456 verba
969 4408 1030 4474 isphr
1040 4407 1134 4457 ὠθεῖται
1145 4409 1191 4470 sig·

11 4475 158 4537 tragindiis
180 4477 404 4525 enisusus't'uerat.
416 4473 497 4521 Kusr.
531 4473 600 4522 llurrc
635 4476 733 4524 uideant
743 4491 821 4525 scente
831 4483 987 4540 conspectum
1001 4474 1095 4528 mutari,
1107 4481 1133 4520 et
1142 4488 1191 4520 ma-

100 4539 187 4592 Arist.
201 4543 262 4592 Nor.
601 4537 637 4585 ΙΙ.
1073 4542 1088 4586 2
1101 4539 1128 4584 M
