2904 4908
91 423 128 482 v.
148 426 348 500 raro-raia]
529 423 800 488 ΛΥΣΙΣΤΡΑΤΗ.
1182 411 1244 496 aar

91 593 130 630 est
139 583 241 648 janitor,
260 585 375 646 quosdam
400 589 477 640 vocat,
496 591 523 632 ut
540 585 585 632 sibi
602 584 651 631 sint
684 589 735 630 tum
746 582 876 647 quoddam,
893 573 963 646 cujus
972 582 1067 631 initium
1075 583 1157 641 inerit,
1168 591 1241 634 Κλει-

90 647 213 711 adjutores
225 650 248 696 in
260 649 383 711 abigendis
394 649 434 712 iis,
451 649 493 712 qui
509 649 596 696 intrate
609 664 650 694 ro·
683 647 783 709 ταγόρα,
803 654 829 694 ut
844 647 910 695 illius
926 650 971 696 παῖ
978 651 1125 708 Τελαμῶνος,
1143 651 1173 697 de
1193 665 1242 712 quo

90 712 251 761 lunt.Bano.
682 711 709 756 in
733 713 808 774 Vesp.
827 713 942 760 diximus.
957 713 1003 759 Fi.
1015 713 1084 760 Cna.
1123 713 1242 776 Intelligit

125 781 198 826 1219.
214 779 257 826 οὐκ
273 776 303 824 dr
318 777 447 838 ποιήσαιμι.
481 777 542 824 llaec
562 778 596 824 illi
612 777 649 824 di·
684 777 784 831 scolion,
802 791 898 824 carmen
915 776 1047 824 conviviale
1063 778 1093 824 de
1105 777 1179 841 Ajace
1190 774 1238 824 Τε-

90 849 150 888 cunt
160 857 219 904 quos
228 842 318 904 janitor
328 844 436 890 vocabat.
448 842 535 889 Bane.
609 847 612 856 ¹
682 839 785 887 Inmunis
801 841 860 897 tilio,
878 841 949 904 cujus
966 841 1062 888 initium
1073 842 1145 889 refert
1159 841 1240 889 Scbul.

126 910 199 954 1220.
224 905 503 970 προσταλαιπωρήσομεν.
538 904 572 952 Ut
591 921 649 953 cun-
683 911 759 950 erstat
776 913 856 952 autem
876 906 941 968 apud
959 904 1048 952 Athen.
1068 922 1092 968 p.
1103 911 1160 954 005.
1177 907 1240 954 inter

90 975 141 1017 atet
161 969 265 1032 pedibus
285 970 334 1017 suis
355 986 436 1018 versus
457 969 575 1030 senarius,
594 971 649 1031 lege
682 968 750 1028 plura
767 969 850 1028 scatia,
867 971 912 1016 παῖ
925 972 1063 1029 Τελαμῶνος
1079 968 1138 1018 Aloe
1152 968 1240 1031 α1χμη·

90 1037 311 1096 ταλαιπωρήσομεν.
326 1034 344 1080 F
347 1050 370 1080 1..
378 1036 448 1083 Cura.
468 1035 520 1092 ὑμῖν
537 1030 648 1094 χαρίζεαι
681 1031 722 1082 τὰ.
739 1031 837 1092 λέγονο)
849 1033 871 1080 a?
883 1032 943 1097 [sic]
962 1032 1077 1094 ἒςΤροῖαν
1087 1033 1184 1096 ἄριστον
1198 1036 1239 1082 έλ-

90 1101 138 1154 θαι,
158 1098 376 1160 ταλαιπωρήσομεν.
407 1098 485 1160 Vulgo
499 1097 648 1145 redundante
683 1097 732 1143 θιῖν
742 1099 839 1144 Δαναῶν
850 1096 872 1144 ις’
882 1095 1008 1157 Ἀχιλλέα.
1022 1097 1107 1146 Bane.
1122 1098 1238 1146 Telamon

89 1163 184 1226 syllaba
189 1161 469 1226 προσταλαιπωρήσομεν.
481 1161 649 1224 PejusinAug.
682 1166 721 1206 est
730 1175 819 1208 nomen
830 1161 906 1208 scolii.
919 1161 951 1209 V.
957 1161 1035 1223 Toup.
1045 1162 1101 1209 Cur.
1110 1161 1240 1210 Posterior.

89 1227 382 1290 πρασταλαιταρήσιιιμεν.
405 1227 454 1283 Qui
472 1240 535 1288 sepe
551 1240 565 1272 e
583 1241 648 1273 com·
681 1223 707 1270 in
714 1223 803 1272 Theoc.
812 1239 851 1271 xv.
862 1229 902 1274 08.
914 1225 1065 1287 Antiphanes
1076 1225 1140 1287 apud
1148 1226 1238 1275 Athen.

90 1293 176 1352 positis
186 1293 305 1355 simplicia
319 1292 439 1340 iaciebant
456 1289 552 1352 librarii,
568 1297 595 1337 ut
606 1290 646 1338 ob·
683 1287 715 1334 ri.
728 1293 766 1337 15.
782 1304 808 1352 p.
816 1293 873 1338 50³.
893 1305 917 1337 a.
930 1287 1011 1337 ἔπειτα
1023 1287 1096 1348 μηδὲν
1106 1291 1154 1338 τῶν
1164 1290 1239 1354 drap·

89 1366 211 1404 &malunt
237 1357 269 1404 ad
292 1361 348 1405 108.
370 1356 444 1402 iidem
466 1354 648 1418 prepositiones
681 1351 1236 1418 xcrnntnerl'orirnvrrepdrpt.rir'l'ehape‘tvc.

90 1428 182 1468 temere
203 1420 324 1468 addebant
344 1420 429 1475 verbis,
451 1419 472 1466 si
496 1419 561 1481 quod
588 1419 647 1466 forte
681 1415 739 1476 μηδὲ
750 1417 793 1466 τὸν
804 1420 906 1478 Παιῶνα,
913 1417 967 1478 μήδ’
977 1417 1104 1481 Ἁρμόδιον,
1112 1419 1153 1466 ubi
1164 1419 1237 1482 vulgo

88 1485 250 1546 compositum
271 1500 350 1531 eorum
367 1484 488 1530 memoriae
508 1484 647 1530 observaba-
682 1481 742 1528 male
767 1483 854 1543 legitur
874 1481 917 1531 τόν
937 1500 965 1530 τε
985 1485 1121 1539 Τελαμῶνα.
1157 1483 1236 1530 Pons.

87 1556 141 1610 tur,
152 1551 182 1596 de
193 1564 265 1596 sensu
277 1564 359 1610 parurn
370 1548 476 1610 solliciti,
494 1547 550 1609 quid
568 1554 647 1594 autem
681 1545 845 1609 Κλειταγόρας
866 1545 930 1610 ᾄδειν
951 1544 1012 1594 δέον.
1055 1547 1175 1609 Clitagora
1190 1547 1238 1594 fuit

87 1615 160 1660 metri
172 1615 238 1674 leges
254 1613 405 1660 admitterent
424 1621 467 1658 aut
482 1612 646 1674 repudiarent,
680 1610 789 1671 poetria:
809 1610 1041 1673 ι.αι111οςρ.12311.
1074 1609 1185 1674 Apparet
1194 1627 1237 1658 au·

87 1678 153 1724 nihil
166 1677 368 1737 pensihabentes.
402 1676 441 1723 Sic
452 1675 477 1722 in
489 1675 572 1738 Eurip.
583 1675 647 1738 Hip·
681 1681 730 1720 tem
741 1690 783 1736 pro
794 1675 874 1722 aeoliis
889 1675 980 1726 cantari
996 1675 1068 1722 solita
1084 1674 1109 1722 in
1121 1675 1237 1723 conviviis

87 1739 645 1803 ρο1.31.ἒγκαθε1σατοριοκαθει’σατο1111111-
680 1739 733 1800 ejus
750 1739 864 1793 carmina,
889 1754 990 1801 quorum
1009 1739 1129 1786 materiam
1148 1739 1236 1786 verosi-

87 1815 183 1853 serunt.
194 1806 312 1854 Buuuca.
329 1806 395 1866 Lege
405 1803 556 1866 χαρίσασθαι.
564 1804 647 1850 Bane.
679 1802 737 1848 mile
752 1811 788 1849 est
799 1818 847 1851 non
857 1803 931 1850 inisse
945 1804 976 1849 de
988 1802 1050 1850 bello
1064 1811 1089 1850 et
1099 1801 1156 1849 viris
1166 1802 1236 1850 belli-

86 1872 235 1930 χαρ1σασθαι
244 1870 337 1934 Taylor.
348 1871 379 1916 ad
389 1869 446 1932 Lys.
455 1885 480 1930 p.
491 1873 548 1917 101.
558 1869 635 1915 Pons.
680 1867 749 1913 cusis.
767 1867 853 1914 Bane.

125 1939 197 1984 1222.
215 1933 359 1983 κωκύσεσθε.
391 1933 430 1980 Sic
448 1933 509 1980 bene
524 1932 590 1994 Aug.
609 1932 647 1992 [et
713 1935 786 1979 1238.
814 1930 960 1994 ἐπῃνέσαμεν
988 1931 1026 1980 ἄν.
1059 1931 1235 1989 Lundrtbamat,

87 1999 166 2046 Bent.
186 2001 242 2047 coll.
260 2003 317 2047 301.
335 2007 360 2045 et
379 1997 448 2060 mn]
489 1996 568 2058 Vulgo
589 1996 645 2043 titu-
678 1993 765 2056 inquit,
782 1997 1107 2058 etaiqut'anlsurdacaneret
1118 1996 1235 2044 innostro

86 2062 162 2108 hante
174 2070 251 2110 metro
262 2061 389 2111 rectinere.
406 2062 526 2108 Brunca.
598 2077 602 2081 ·
678 2059 800 2115 ιοαςίτὲος
818 2065 866 2108 turn
882 2060 977 2124 pacifici
995 2073 1094 2108 eruntne.
1138 2059 1182 2106 Est
1192 2075 1235 2106 au·

124 2130 197 2176 1225.
213 2127 369 2174 Atheniensis
389 2142 401 2171 e
423 2125 532 2172 convivio
552 2124 645 2186 egredi·
678 2130 728 2168 tem
746 2125 872 2170 eberardum
889 2126 913 2170 in
937 2122 1054 2178 convivio,
1078 2123 1143 2185 quod
1164 2139 1235 2187 prop·

85 2201 228 2247 ensnarrat,
246 2193 329 2252 quales
345 2207 370 2238 se
390 2190 425 2236 ibi
443 2188 560 2251 gesserint
569 2189 644 2236 Lace·
679 2195 715 2233 tcr
731 2203 815 2249 pacem
827 2189 897 2234 modo
916 2187 1000 2235 initam
1019 2194 1071 2234 erat
1089 2187 1234 2250 institutum,

85 2256 204 2302 daemonii
214 2265 239 2302 et
251 2256 420 2304 Athenienses.
437 2253 523 2300 Bane.
679 2261 774 2300 cantare
794 2253 899 2299 carmina
917 2254 947 2299 de
965 2252 1038 2304 bellu,
1056 2258 1097 2297 aut
1112 2249 1234 2300 bellicosis

124 2323 195 2370 1220.
213 2319 344 2380 χαρίεντες.
377 2317 464 2364 Alexis
475 2315 540 2378 apud
554 2315 644 2363 Athen.
678 2316 751 2376 viris;
768 2317 839 2378 quale
851 2325 889 2363 est
903 2314 963 2362 illud
975 2315 1006 2362 de
1021 2314 1157 2362 Telamonis
1168 2315 1233 2369 iili0;

85 2399 113 2445 p.
128 2388 184 2432 235.
195 2382 304 2440 πηνικόδε
314 2382 404 2446 χαρ1εις
417 2383 438 2428 τ’
452 2379 507 2441 etat,
524 2378 563 2428 καὶ
574 2377 645 2428 ποιέω
679 2388 704 2426 et
715 2396 762 2427 non
780 2380 859 2443 potius
878 2395 973 2428 carmen
989 2378 1087 2442 aliquod
1104 2378 1231 2442 Clitagorae

83 2447 165 2496 πολὺν
181 2447 285 2512 γέλωτα,
303 2449 342 2497 κα1
358 2446 402 2495 τόν
419 2446 526 2494 ἔστιιῖιντ’
538 2444 644 2493 ἐπαινέω.
678 2441 773 2492 femina
791 2461 805 2491 a
824 2445 888 2492 bello
903 2443 1057 2492 abhorrentis.
1091 2443 1162 2491 Unde
1174 2443 1233 2492 Pac.

85 2513 178 2560 Bane.
679 2512 751 2557 1210.
772 2524 844 2571 quum
861 2525 919 2571 puer
939 2510 1042 2555 instante
1053 2506 1104 2571 jam
1123 2509 1233 2555 convivio

123 2581 195 2626 1228.
207 2579 285 2625 Deest
297 2579 321 2624 in
333 2577 421 2625 Venet.
433 2575 471 2623 ed.
482 2575 522 2622 bic
536 2573 645 2636 apposita
678 2585 774 2620 caneret
790 2575 820 2619 de
839 2572 934 2619 armatis
946 2571 1082 2636 juvenibus,
1102 2571 1162 2618 alter
1176 2587 1232 2619 eum
1259 2570 1261 2575 ’

82 2643 158 2688 chori
169 2659 269 2705 persona
279 2653 303 2690 et
314 2643 464 2690 continuatur
476 2639 551 2686 uratio
567 2639 597 2685 ab
608 2637 644 2684 A·
678 2637 804 2700 objurgans
814 2637 881 2690 dicit,
898 2636 986 2684 παῦσαι
1002 2634 1145 2698 ὁπλοτέρους
1160 2634 1232 2698 ᾄδειν,

81 2706 216 2754 thenieusi.
235 2708 277 2754 Fr.
289 2707 358 2755 Can.
376 2705 428 2763 ότιή
443 2703 567 2765 νήφοντες.
592 2703 644 2765 [Sic
678 2701 718 2749 κα1
727 2702 801 2756 ταῦτ’,
813 2699 832 2748 ὦ
842 2699 1045 2762 τρισκακόδαιμον,
1059 2695 1149 2760 ε1ρήνης
1158 2699 1183 2758 'y'
1193 2701 1232 2748 oll-

80 2771 175 2834 Bent.]
209 2771 275 2819 Male
289 2773 362 2831 vulgo
371 2786 426 2818 cum
436 2783 517 2816 versus
526 2767 596 2814 ruina
607 2765 645 2814 ότι
677 2781 730 2824 σης·
749 2765 835 2824 ἀμαθές
844 2766 869 2825 γ’
882 2763 904 2812 ε1
912 2764 951 2814 κα1
962 2763 1102 2825 κατάρατον.
1119 2765 1206 2812 Bane.

81 2833 213 2895 νήφοντες.
231 2837 353 2882 Bnuncs.
378 2834 415 2882 ὅτι
438 2831 560 2894 νήφοντες.
583 2829 644 2888 ὁτιή.
711 2835 783 2880 1239.
811 2830 840 2877 In
854 2830 940 2876 Venet.
961 2829 1000 2876 ed.
1024 2839 1068 2874 tres
1089 2829 1132 2874 hos
1147 2843 1232 2876 versus

80 2899 169 2946 Pons.
677 2903 805 2958 sequentes
823 2895 926 2941 iamulus
943 2894 982 2940 vel
1002 2890 1105 2955 θεράπων
1125 2906 1231 2954 pronun·

123 2968 195 3010 1230.
211 2961 343 3021 μεθύοντες.
378 2961 455 3018 Quasi
471 2959 571 3008 consilia
582 2959 643 3006 ebri·
677 2961 733 3008 ciat.
752 2957 866 3006 l'nCraa.
898 2958 970 3005 Hunc
981 2971 1074 3004 versum
1088 2963 1114 3002 et
1128 2971 1231 3018 sequen·

80 3042 157 3074 orum
169 3027 333 3079 sintmeliora,
346 3037 371 3072 ut
382 3027 461 3072 Persae
473 3027 595 3085 putabant.
615 3023 644 3070 V.
678 3030 715 3070 tes
726 3023 786 3070 ditos
796 3038 887 3077 servus,
906 3021 1043 3082 ὀθερόταν,
1055 3023 1195 3084 pronunciat
1204 3021 1231 3067 in

78 3091 120 3138 ad
134 3091 194 3152 liqq.
216 3095 256 3138 88.
283 3089 351 3136 Eccl.
374 3097 452 3136 tamen
473 3092 526 3135 130.
545 3086 645 3133 consilia
677 3087 716 3132 ed.
728 3088 779 3132 Far.
812 3087 890 3132 Recte
901 3087 1006 3147 quidem,
1023 3084 1089 3147 quod
1100 3085 1129 3129 ad
1140 3087 1231 3147 priores

80 3155 206 3202 ebriorum
239 3154 300 3201 dicit
332 3167 382 3200 esse
416 3149 643 3212 παραπεπληγμένα.
677 3151 736 3196 dnos
754 3149 854 3208 attinet3
880 3149 984 3209 loquitur
1002 3150 1067 3195 enim
1089 3149 1129 3194 ille
1148 3163 1231 3196 servus

79 3220 173 3266 Bene.
204 3219 270 3266 Leve
286 3215 337 3266 aiei.
355 3218 437 3264 Barsa.
454 3211 642 3274 praenesani.
673 3211 765 3273 janitor
776 3213 806 3260 de
826 3213 865 3267 iis,
883 3212 925 3272 qui
937 3212 1027 3273 ingredi
1047 3211 1076 3256 ad
1095 3211 1231 3258 convivium

80 3285 171 3344 Vulgo
190 3259 255 3330 del.e
280 3283 311 3331 V.
328 3295 381 3342 quae
403 3279 485 3326 notavi
507 3278 537 3326 ad
557 3277 642 3324 AEsclr.
677 3279 797 3324 volebant.
831 3277 862 3324 V.
880 3290 952 3384 supra
971 3274 1002 3320 ad
1014 3277 1086 3322 1216.
1119 3273 1165 3320 Sed
1182 3282 1231 3322 ter-

81 3347 224 3396 Perarrt.
244 3355 269 3393 et
288 3346 374 3406 Eurip.
397 3344 481 3390 Plnrn.
495 3346 535 3392 81.
570 3341 643 3386 11111ιὶ-
677 3341 838 3387 tinmversum
853 3340 891 3388 illi
925 3339 996 3384 ebent
1011 3337 1170 3400 pronuntiare,
1187 3339 1230 3401 qui

79 3421 136 3459 met
148 3413 192 3472 ipsi
203 3421 311 3458 constare
322 3408 397 3455 volui.
424 3407 472 3454 Sed
484 3405 567 3469 siquis
578 3404 642 3451 istud
676 3404 767 3465 ingredi
778 3405 897 3451 volebant.
915 3403 1001 3449 Bane.

79 3475 157 3524 αιέὶα
175 3477 275 3522 scenicis
292 3474 400 3522 exsulare
417 3471 521 3534 juberet.
541 3469 641 3517 illinon
710 3473 782 3516 1212.
800 3469 863 3530 Lege
876 3463 1049 3528 Πουλνχαρ1θα.
1067 3467 1150 3514 Baua.
1179 3463 1230 3514 Ista

79 3538 383 3601 refragaren-rrcrraxoi
401 3537 481 3598 Vulgo
492 3535 571 3582 minus
582 3534 642 3580 bene
676 3532 779 3595 Legatus
794 3532 854 3580 dicit
871 3545 945 3593 puero
964 3529 1066 3585 tibicini,
1084 3530 1125 3591 qui
1141 3545 1197 3577 eum
1213 3545 1228 3576 e

79 3605 218 3663 πανταχοῦ.
253 3605 313 3650 llaec
323 3609 432 3650 accurate
444 3599 555 3647 distinxit
569 3597 643 3644 Phot.
674 3597 784 3644 convivio
795 3605 922 3643 exeuntem
938 3594 1061 3642 comitatus
1074 3595 1151 3642 iuerat
1159 3610 1167 3653 ς
1185 3609 1229 3640 un-

80 3669 156 3731 cujus
170 3668 356 3716 observationem
377 3681 390 3712 e
410 3666 465 3712 Lex.
479 3664 528 3711 Ma.
544 3663 643 3726 protulit
675 3660 705 3707 de
726 3662 799 3722 liquet
818 3675 900 3707 vocem
924 3657 1082 3721 τολνχαρίδας
1106 3672 1154 3704 non
1175 3673 1228 3706 asse

80 3732 208 3794 liesycbii
223 3732 340 3794 interpres
361 3729 392 3776 ad
410 3731 546 3788 πανταχῶς.
580 3732 641 3774 Παν-
674 3740 761 3771 nomeu
774 3725 904 3787 proprium,
920 3726 963 3770 sed
975 3725 1086 3771 blandam
1097 3723 1230 3784 compella.

78 3799 160 3858 παχῆ,
186 3795 264 3844 τόντα
286 3795 382 3858 τρόπον.
409 3793 447 3842 καὶ
469 3791 592 3852 πανταχοῦ
617 3792 643 3837 ἐν
674 3789 771 3845 tionem,
795 3804 842 3850 qua
861 3788 1114 3836 utebantur'Lacones.
1148 3785 1229 3833 Nimis

79 3861 157 3910 παντὶ
175 3860 248 3922 τόπῳ·
265 3859 304 3908 κα1
321 3856 462 3918 πανταχόθι.
480 3855 600 3915 πανταχοῖ
616 3853 643 3902 δὲ
674 3853 781 3916 ineptum
801 3861 845 3908 est,
862 3854 926 3914 quod
945 3853 990 3898 hoc
1007 3851 1105 3898 nomine
1123 3849 1228 3896 Atheni·

79 3926 126 3976 καὶ
147 3924 293 3986 πανταχόσε,
314 3926 346 3972 εἰς
364 3921 442 3971 πάντα
457 3919 538 3968 τόπον.
572 3920 642 3980 Saepe
675 3933 759 3964 ensem
772 3917 850 3964 'cirum
866 3916 960 3964 induxi.
993 3913 1145 3978 Repunenda
1172 3919 1229 3959 sunt

78 3987 507 4038 conlusaalibrariisistaadverbia.
530 3983 578 4031 Ar.
587 3987 642 4030 160.
675 3982 772 4028 omnino
783 3997 936 4042 personarum
945 3979 1147 4027 nominaedeum
1157 3992 1227 4040 quem

80 4053 129 4101 ubi
139 4055 211 4116 vulgo
223 4055 321 4116 legitur,
337 4051 370 4111 μὴ
381 4049 532 4114 περιπέτεσθε
552 4064 642 4094 ταντα·
676 4045 727 4095 diri
738 4049 833 4093 modum
844 4047 868 4092 in
878 4053 935 4092 nota
945 4043 975 4090 ad
986 4047 1057 4092 1080.
1074 4043 1196 4090 Bauncr.

79 4119 122 4180 χῆ
134 4116 270 4183 κεχηνότες,
288 4117 384 4164 membr.
396 4118 483 4162 habent
502 4113 641 4173 πανταχοΐιι
708 4115 781 4160 1213.
796 4108 924 4170 διτοδιόξιι.
957 4106 1047 4156 besodia
1065 4106 1102 4153 vel
1124 4106 1227 4154 διποδισ·

79 4190 180 4230 atvero
191 4182 320 4242 legendum
329 4182 456 4242 πανταχοῖ.
473 4179 592 4226 Bnonca.
674 4173 728 4236 μὶνς,
739 4173 798 4224 εἶδος
807 4173 928 4236 ὀρχήσεως
939 4173 1015 4236 (male
1024 4172 1088 4234 apud
1100 4169 1166 4218 Suid.
1177 4172 1227 4218 δια·

120 4251 194 4296 1237.
211 4245 264 4310 ᾄδοι
276 4247 421 4305 Τελαμῶνος.
436 4245 533 4294 ,01111111
552 4243 580 4290 de
599 4241 642 4289 Te·
675 4240 766 4301 ποδια).
794 4239 851 4286 Erat
861 4247 941 4286 autem
949 4236 1053 4292 saltatio,
1064 4236 1089 4282 in
1099 4249 1147 4298 qna
1155 4234 1227 4297 junc-

78 4315 178 4362 tamone
200 4310 347 4372 proverbium
369 4319 407 4358 est
423 4308 524 4354 relatum
543 4305 573 4352 ab
592 4305 641 4351 Eu·
675 4305 818 4367 tispedibus
830 4303 909 4350 labore
920 4308 946 4349 et
956 4309 1043 4348 conatu
1058 4313 1142 4360 magno
1159 4297 1227 4362 picas

79 4376 162 4422 stath.
182 4375 207 4422 in
226 4375 329 4437 Boeotia,
345 4381 369 4420 et
387 4371 506 4420 recensuit
523 4370 642 4416 Erasmus.
675 4369 834 4416 imitabantur.
866 4367 927 4414 Sunt
938 4379 992 4412 vero
1003 4361 1131 4426 φυσαλ1δες
1149 4360 1238 4412 abaci.

75 4439 136 4487 Sed
153 4441 183 4486 de
195 4440 324 4502 Clitagora,
341 4453 395 4500 quae
413 4437 458 4483 suit
476 4434 571 4497 poetria
583 4434 641 4482 Les·
676 4433 721 4480 Fn.
731 4433 802 4482 Can.
830 4431 898 4479 Suid.
912 4429 1051 4492 θιατοδιάξω
1060 4438 1085 4477 et
1100 4444 1154 4476 mox
1165 4425 1228 4490 κθεθ·

73 4503 133 4560 bia,
150 4512 242 4554 certum
259 4512 297 4552 est
313 4505 357 4550 boc
375 4501 469 4553 nomine
480 4499 557 4548 melos
572 4512 642 4548 voca·
677 4515 712 4548 σοι
722 4498 773 4546 deit
790 4495 998 4546 aeliasanctia:
1010 4493 1169 4560 legetispro
1181 4488 1228 4542 καί.
