2872 4916
61 387 90 442 ν.
106 381 175 460 τοι]
301 348 304 356 ’
380 365 809 446 υιῑοιοισνιλῑοιιλι.
1108 383 1165 449 αις

60 545 88 591 uti
108 540 247 606 proculdubio
267 539 419 590 scribendum
442 547 488 590 eet.
521 541 585 590 Nom
618 543 730 600 ruboris,
746 543 822 590 invito
840 541 934 605 quidem
953 541 1168 608 versoqtegunrur,

60 609 140 671 vulgata
150 607 215 655 lectio
229 605 377 654 commodum
390 621 439 652 uon
449 607 521 654 hebet
530 622 585 654 sen-
619 586 731 658 εύτίσνως
742 606 768 656 δὲ
783 606 879 669 τούμδν,
896 606 1017 670 ingenium
1033 623 1062 656 eu
1079 609 1167 670 glosso-

60 689 109 720 son.
138 668 401 733 Cetemmxvoxororpiq,
416 667 585 734 simnjusculie
619 673 798 736 tommvulgnre
816 673 926 736 produnt,
941 671 1052 734 longuida
1067 687 1110 720 sus
1127 673 1166 722 καί

60 737 130 783 litteris
137 737 244 784 scribetur
255 750 308 782 oum
316 736 366 782 iote
376 735 503 798 adscripto,
515 744 542 784 nt
558 736 583 782 in
616 735 659 796 pto
669 736 694 787 tl
703 738 790 800 ubique
810 735 988 784 infercientium.
1021 735 1091 784 Haud
1104 737 1168 786 diffi-

59 800 145 862 antiquis
161 801 217 848 Mes.
233 799 284 846 fieri
300 799 370 852 solet,
388 801 432 846 hoo
442 801 513 848 modo
531 805 583 850 ilA-
616 801 870 851 οίίίυιτδκολλίσταις
880 801 965 850 ἀοιδαῖς
975 801 1071 864 strophe
1082 817 1168 850 οοαυιι·

59 871 131 921 lilii,
138 865 203 914 focile
214 879 266 912 oum
277 869 398 914 ΠΑΤΡΙΔΙ
408 863 491 912 itidem
500 863 583 929 majus·
618 867 657 922 de,
673 875 698 914 et
712 865 822 929 Ι’λρτεμιν
832 865 892 914 illud
900 866 1044 912 inculcatum
1054 872 1109 928 post
1118 865 1166 914 δεί-

59 929 108 976 colis
134 929 212 976 litteris
241 929 330 992 scripto
361 929 473 977 confundi
499 936 585 991 potest.
617 931 670 979 σατ’
681 932 706 978 in
718 932 865 992 antistrophe
879 931 1039 995 judicabitur;
1058 945 1103 978 nec
1114 947 1165 980 me·

59 993 124 1042 Κυυτ.
145 991 207 1048 βούν.
234 992 304 1041 Forte
325 994 382 1056 βοᾷ,
401 1002 428 1040 ut
446 992 507 1040 inire
527 997 584 1042 12⁵.
595 1029 599 1038 .
612 993 698 1058 jorem,
714 994 795 1058 credo,
811 995 946 1058 scrupulum
963 993 1071 1056 injicient
1081 996 1117 1053 rel
1128 996 1167 1044 ’A-

59 1057 122 1118 ίρσενι
140 1059 184 1122 βοᾷ
203 1056 295 1120 δοκίμω.
326 1057 410 1104 Potest
430 1064 509 1106 temen
529 1058 585 1110 ferri
617 1057 680 1108 σίδας
697 1068 837 1122 usurpatum
852 1074 867 1106 u
884 1073 922 1106 me
938 1073 1019 1122 verpus
1034 1073 1105 1107 cause
1122 1076 1166 1123 pro

58 1124 117 1169 etium
131 1123 192 1179 βοὰν,
209 1130 236 1169 ut
252 1123 282 1170 sit
301 1122 393 1186 ellipsis
411 1122 585 1186 praepositiouis
617 1125 711 1186 vulgato
721 1123 834 1180 Ἀσιάδος,
846 1123 884 1171 vel
895 1123 1112 1186 είίρυθμα,ροοοίιιιο
1122 1126 1165 1173 ed·

56 1187 120 1235 ιατδι
135 1188 174 1234 sed
192 1194 249 1234 tunc
266 1195 302 1234 est
322 1189 492 1250 sensquoum
512 1187 586 1236 libero
618 1191 728 1250 scriptum
738 1189 810 1248 vulpe
819 1189 854 1248 τῷ
865 1185 1008 1250 παράρυθμα,
1020 1188 1091 1249 poulo
1101 1188 1165 1236 inso-

55 1252 120 1327 potp'n
139 1253 262 1328 tripodiute
282 1253 313 1300 od
334 1254 463 1300 clamorem.
502 1250 534 1298 Et
552 1251 586 1298 itu
617 1252 1036 1340 lentiusillieclhibitoprofbpoipo.
1069 1252 1166 1328 Citlpure

55 1316 348 1436 tlliiiiltoiillt
368 1313 585 1444 titillwbissi
616 1314 1165 1444 llilmlliltllllloilllillllll

55 1445 244 1509 rrmbioolocutio,
260 1446 344 1508 queles
359 1443 412 1491 alies
423 1445 543 1492 nonnulle
560 1446 585 1492 in
617 1444 689 1510 Lydi.
722 1446 793 1502 Quod
812 1454 837 1494 et
859 1447 947 1510 optime
963 1445 1082 1492 callebant
1097 1445 1166 1495 Paris

56 1509 93 1555 hoc
102 1511 193 1564 cantico,
204 1511 260 1556 dota
269 1523 364 1574 operas
380 1508 471 1556 comico
487 1509 585 1572 conqui·
618 1517 641 1558 et
657 1510 777 1574 Phryges:
796 1510 918 1558 Plutarch.
938 1511 968 1556 de
985 1509 1078 1556 fortuna
1088 1508 1165 1558 Alex·

53 1573 95 1618 site
111 1574 133 1620 in
150 1573 281 1637 Agathonis
297 1571 431 1634 μελοποιίας
445 1573 583 1620 irrisionem.
617 1575 683 1622 andri
696 1575 779 1637 Magni
793 1576 835 1622 lib.
847 1579 877 1623 1:
896 1573 942 1622 Καί
955 1590 1018 1622 τινος
1035 1573 1097 1634 αύτῷ
1113 1575 1165 1638 (il-

54 1637 97 1684 Hoo
113 1653 155 1686 non
175 1639 340 1690 animadvertit
351 1636 424 1685 Kust.
439 1637 545 1699 alioquin
561 1639 585 1686 ei
617 1639 745 1701 λεξάνδριρ)
755 1641 803 1688 τῶν
814 1638 934 1702 ἐγχωρίων
945 1637 1105 1700 ὑποσχομένου
1121 1639 1167 1698 τὴν

55 1716 94 1748 non
103 1703 200 1751 uenisset
210 1705 233 1749 in
245 1711 351 1750 mentem
361 1701 400 1762 ξύν
411 1699 521 1766 ἐλευθέρᾳ
538 1720 583 1750 τα·
618 1701 714 1764 Πάριδος
723 1703 805 1768 λύραν,
822 1703 842 1752 εί
851 1704 972 1760 βούλοιτο,
984 1703 1073 1762 δύσειν,
1091 1702 1166 1762 οὐδὲν,

53 1765 96 1829 τρίᾳ
105 1766 256 1829 χορεύσασθαι
266 1769 323 1832 βοᾷ,
340 1767 402 1828 quod
418 1767 501 1828 utique
513 1767 583 1814 insul·
617 1768 672 1835 ἔφη,
680 1770 724 1827 τῆς
733 1769 820 1818 ἐκείνου
830 1771 917 1828 δυῖνμαι·
927 1766 1024 1830 σὴνγδρ
1033 1767 1166 1829 Ἀχιλλέως

54 1845 95 1876 sum
114 1839 155 1880 est.
181 1833 301 1880 Bnurtcs.
342 1831 407 1895 Lege
430 1828 583 1894 χορεύσασθε.
616 1831 737 1894 κέκτημαι,
747 1832 804 1895 τιρδς
814 1831 843 1890 ἣν
853 1834 940 1882 ἐκεῖνος
951 1831 1087 1896 δνιοιαύετο,
1104 1831 1181 1882 ἄειδε

54 1893 122 1942 Βοιτ.
528 1955 530 1960 ,
616 1897 697 1962 δ’δριι
712 1897 772 1946 ιιλέα
786 1897 881 1960 ἀνδρῶν·
897 1895 948 1956 ἡδὲ
959 1895 1058 1956 Πάριδος
1073 1895 1166 1948 πάντας

80 1963 127 2008 tuo.
151 1958 302 2022 rigationem
330 1960 472 2008 comitantur
493 1967 585 2008 actores
616 1961 725 2022 μαλωιίρν
741 1981 795 2012 τινα
809 1961 847 2011 καὶ
862 1961 956 2020 θήλειαν
965 1959 1075 2024 ἁρμονίαν
1086 1963 1164 2024 ἔρωτι·

52 2024 121 2086 tragici
131 2026 200 2081 chori,
219 2041 290 2089 quem
300 2024 341 2072 ille
356 2025 489 2080 emdiebat,
506 2024 585 2088 proxi·
617 2029 667 2076 κοῖς
697 2027 789 2090 ἔψαλλε
809 2025 901 2087 μέλεσι.
943 2025 998 2074 Huc
1018 2026 1166 2074 referendum
1247 2048 1260 2083 ρ

52 2088 130 2148 tuisque
157 2089 218 2136 ludis
237 2089 327 2152 populo
346 2089 494 2137 exhibiturus
526 2096 585 2138 eret.
618 2091 721 2153 Φρυγίων
740 2091 880 2152 διανεύματα
907 2089 1021 2154 Χαρίτων,
1042 2106 1096 2154 quae
1123 2093 1165 2139 de·

51 2151 98 2198 Non
108 2160 141 2199 est
151 2153 187 2201 hio
205 2157 291 2202 chorus
301 2154 396 2216 iebulae,
407 2154 447 2216 qoi
458 2169 471 2200 e
482 2153 584 2200 mulieri·
618 2158 713 2220 scriptio
723 2165 760 2204 est
769 2157 874 2205 citherae.
907 2155 1049 2217 Quenquem
1059 2155 1107 2203 iere
1117 2162 1164 2204 ter·

51 2215 88 2261 bus
96 2227 182 2266 constat
190 2219 282 2268 Cereris
297 2227 322 2265 et
338 2218 483 2280 Proserpinae
499 2219 584 2266 festum
617 2237 666 2268 inm
681 2221 782 2284 intelligi
797 2221 887 2276 malim,
905 2227 933 2268 ut
946 2221 1089 2282 pulsationes
1099 2219 1173 2268 Asioi

52 2281 220 2338 celebrantibus.
240 2284 362 2330 Bouscrr.
618 2285 727 2336 dicentur
745 2300 786 2348 pro
802 2283 975 2350 pulsationibus
987 2283 1098 2332 Asiaticis
1117 2285 1165 2348 (ci-

76 2349 166 2396 lot-29.
182 2348 242 2396 Haeo
255 2347 479 2409 sistrpphicasunt,
497 2357 585 2394 utesse
617 2351 714 2414 thure).
746 2349 785 2398 De
801 2351 840 2398 his
855 2349 997 2414 igiturlooie
1010 2349 1167 2397 omnibusis·
1245 2411 1247 2416 Ι

50 2421 218 2460 consentaneum
229 2421 277 2468 est,
288 2413 383 2460 resectis
392 2413 584 2474 interpretamen-
618 2416 664 2464 oile
674 2430 819 2468 ‚conoessum
838 2413 868 2462 iri
884 2414 997 2476 suspicor,
1017 2421 1043 2460 et
1057 2420 1167 2474 corrupte

50 2473 243 2528 tis‚inlnrncfere
262 2475 358 2524 niodum
373 2476 476 2524 scribes:
494 2476 585 2538 στρορνδρ
618 2495 680 2536 esse,
697 2487 722 2528 et
732 2479 791 2528 setis
799 2479 949 2544 probabiliter
958 2477 1092 2526 emendate.
1119 2477 1167 2526 Sed

49 2535 75 2584 α’.
87 2545 113 2587 X.
120 2539 167 2590 Τίνι
177 2541 308 2601 δαιμόνωνδ
319 2543 405 2600 ιιῶμαςς
420 2541 425 2602 Ι
439 2541 585 2572 **“”””
618 2545 741 2607 strophael
752 2545 813 2592 inter
825 2547 937 2592 versum}
949 2549 975 2590 et
985 2546 999 2591 3
1011 2541 1118 2590 lacunam
1130 2557 1167 2591 ms

61 2603 184 2664 Ιλέγενυν·
200 2605 317 2655 εὐπίστως
332 2604 586 2668 τοδμδνίοιιοινιυνιί.)
619 2617 800 2664 οιοιιιοιουοιιιιι
820 2608 850 2656 ed
867 2606 990 2656 sententie
1007 2606 1167 2668 integritatem

60 2665 65 2723 Ι
76 2669 184 2730 Δαίμονος
195 2669 247 2732 ἔχει
256 2671 359 2726 σεβίσαι.
370 2669 461 2730 (orium.
468 2671 553 2733 oatol.)
618 2675 678 2722 nihil
694 2671 822 2720 desiderari
841 2672 955 2728 videntur,
970 2670 1108 2719 intonasse
1121 2672 1169 2720 erit

51 2731 143 2797 δνσιστρ.
152 2735 182 2784 α’.
192 2735 298 2796 ’λ.”Αγε
306 2753 354 2792 νυν,
364 2733 454 2795 ύτλιζε,
462 2735 552 2790 Μοῖσα,
619 2738 660 2800 qui
685 2738 782 2786 miretur
808 2743 926 2800 negetque
953 2734 1079 2798 ferendum
1105 2751 1170 2784 esse·

48 2798 146 2858 Χρυσέων
162 2801 250 2864 ῥύτορα
265 2801 339 2861 τόξων
352 2799 356 2864 Ι
370 2801 461 2856 Φοῖβον,
479 2799 507 2849 δς,
525 2799 585 2862 ἴδριν·
619 2803 681 2850 Sene
698 2818 745 2850 non
761 2801 806 2850 nisi
824 2801 976 2862 antistrophe
994 2799 1053 2848 ratio
1070 2799 1169 2848 metrice

47 2877 99 2911 σατο
116 2865 201 2926 χώρας,
226 2869 230 2926 Ι
254 2863 333 2914 Γύαλα
355 2865 483 2924 Σιμουντίδι
501 2862 572 2928 γᾷίΙ
618 2882 663 2914 nos
673 2869 751 2927 docet,
766 2881 860 2914 versum
870 2865 910 2914 hic
920 2863 1049 2921 excidisse,
1059 2865 1099 2928 qui
1109 2879 1169 2928 que·

47 2931 128 2989 στρογδ
138 2928 170 2986 β’.
188 2937 219 2980 Χ.
232 2932 308 2993 Χαῖρ’,
321 2932 346 2978 ἐν
363 2929 495 2990 εὐμούσοισι
509 2931 587 2990 τιμαῖς
620 2932 809 2988 liefuerit,1n‚ee
824 2945 872 2978 non
890 2929 990 2978 munitum
1009 2929 1082 2978 reiert
1099 2928 1169 2978 indo·

47 2991 124 3051 (troci.
135 2995 206 3059 clim.)
222 2998 226 3055 Ι
242 2993 313 3059 Γέρος
325 2993 391 3058 ίερδν,
409 2995 488 3055 Φοῖβε,
499 2993 587 3058 τροφέ·
620 3011 685 3060 gere,
701 3011 797 3058 remque
814 2995 929 3059 integrent
946 2994 1080 3056 relinquero
1097 2994 1171 3042 lecto·

46 3056 100 3116 ρννί
117 3059 284 3123 (διαδουμ.)
298 3057 302 3124 Ι
316 3057 587 3122 διντιστρ.β’.’λ.τιίντ’
621 3060 685 3110 ribus
700 3067 753 3108 tuto
769 3061 866 3123 possim.
911 3059 972 3107 Cum
989 3067 1067 3106 nmen
1083 3059 1171 3107 similia

47 3121 68 3166 ἐν
77 3120 135 3182 δρεσι
151 3125 300 3187 δρυογόνοισι
313 3123 318 3188 Ι
332 3123 505 3186 Χύρανᾶείσατ’
516 3123 587 3186 ‹ippo-
620 3125 671 3172 fere
689 3126 836 3184 omittentur,
858 3123 1059 3185 simillimumque¹
1070 3123 1169 3186 aliquid,

46 3182 119 3246 tinae!
144 3185 148 3254 Ι
170 3185 589 3253 στροφὴγ.Χ.Ἔτομαι,κλρΙζονσα
621 3189 655 3236 ita
671 3197 697 3236 ut
713 3186 941 3252 superfluuntvideri
952 3187 1064 3248 potuerit,
1080 3187 1171 3236 lectum

45 3250 140 3318 σεμνδνΙ
158 3253 231 3302 Γιίνον
254 3251 381 3314 ὀλβίζουσα
400 3254 497 3308 Λατοῦς,
519 3257 591 3316 (ααο-’
622 3253 676 3300 olim
692 3253 767 3302 luisse
783 3254 828 3300 iroe
845 3252 908 3313 loco,
923 3251 1041 3298 sententie
1056 3250 1110 3312 ipse
1128 3252 1171 3299 do-

43 3317 136 3378 oreooi.)
149 3316 154 3384 Ι
164 3318 279 3384 Ι’λρτεμιν
290 3318 442 3380 ἀπειρολεχῆ.
449 3319 542 3381 (unctor.
550 3333 589 3366 oo·
622 3326 675 3366 cent
684 3317 781 3366 minime
792 3317 899 3364 laborans
908 3331 915 3373 ;
927 3321 979 3362 orta
989 3314 1048 3362 mihi
1058 3315 1171 3378 strepioio,

43 3381 94 3439 tol.)
108 3382 112 3442 Ι
125 3381 236 3447 ἆντιστρ.
246 3381 280 3444 qs.
292 3381 321 3432 α’.
332 3384 366 3431 Ἀ.
377 3382 445 3432 Λοτύ
454 3383 486 3442 τ’,
496 3383 588 3431 Ἀσίδος
622 3382 671 3430 tele
682 3383 739 3446 quid
749 3381 882 3445 proiectum
892 3393 944 3427 osse
955 3381 984 3426 eb
999 3377 1123 3442 Aristoph.
1134 3380 1170 3428 lu-

43 3459 67 3490 τε
89 3445 188 3508 κρούμα-
214 3451 218 3510 Ι
244 3465 276 3496 τα
294 3449 347 3496 τοδί
369 3445 511 3511 πορίμυθμα,
533 3453 591 3508 opo-
623 3447 683 3494 dens
693 3445 827 3510 Agathonis
839 3444 960 3506 ingenium
970 3443 1008 3491 iric
1019 3457 1112 3506 quoque
1130 3459 1171 3492 ex·

44 3507 96 3565 γίων
109 3511 113 3575 Ι
126 3513 279 3572 Διανεύμοτα
298 3512 411 3575 Χαρίτων.
426 3515 429 3571 Ι
443 3511 547 3573 δνσιστρ.
558 3508 592 3570 γ’.
624 3525 744 3572 ριεοιιιιοι
767 3509 816 3560 Τίνι
833 3506 943 3570 δοιμίνων
963 3509 977 3556 δ
996 3510 1089 3568 erinon
1103 3506 1107 3574 Ι
1120 3507 1172 3558 Τίνι

43 3571 117 3626 β’·,Χ.
128 3577 340 3638 Σέβομαιλατύθ
351 3576 465 3632 ἄνασσαν,
479 3579 484 3638 Ι
498 3575 592 3638 Χίθαρίν
625 3574 650 3626 bt
660 3579 717 3626 θεῶν
726 3577 739 3624 δ
748 3578 834 3636 sriptum
848 3573 853 3637 Ι
867 3571 927 3634 Λέγε
938 3590 977 3622 νυν
991 3581 1039 3622 etc·
1072 3573 1170 3622 Daemo·

40 3657 65 3684 τε
74 3641 153 3704 ματέρ’
165 3642 255 3704 ὕμνων,
273 3643 278 3706 Ι
294 3641 388 3706 'lipom
398 3645 445 3706 βοᾷ
455 3640 553 3702 δοκίμω,’
573 3639 578 3704 Ι
625 3655 667 3688 nse
677 3656 692 3690 e
701 3641 747 3688 diis
756 3641 827 3688 etiarn
838 3639 902 3702 epod
912 3639 971 3686 alios
981 3637 1105 3700 distingui,
1115 3653 1172 3686 con·

41 3704 129 3762 ἐπῳδός.
161 3710 199 3770 Τᾷ
218 3711 269 3769 φῶς
288 3706 374 3757 ἔσσυτο
391 3705 495 3766 δαίμονος
519 3703 592 3764 ύμμα·
625 3711 687 3764 stnt3
703 3705 768 3769 quod
778 3704 911 3753 nescientes
920 3703 1024 3765 vulgaris
1040 3704 1128 3750 moduli
1144 3704 1174 3752 li·

41 3784 83 3824 ⁰1¹²,
112 3769 116 3834 Ι
144 3771 275 3836 Ἧμετέρας
300 3789 327 3820 τε
346 3772 374 3821 δι’
396 3769 508 3834 αἰφνιδίου
527 3771 551 3830 γ’
567 3767 591 3818 δ·
624 3769 711 3818 brurios
727 3771 825 3818 alterum
843 3769 942 3816 istorum
953 3783 1060 3816 uersuum
1074 3767 1174 3832 neglex-

39 3833 85 3882 πίς.
108 3836 113 3899 Ι
137 3833 187 3886 'nu
215 3836 287 3900 χάριν
312 3835 392 3886 ἄνακτ’
419 3835 513 3896 ἄγαλλε
533 3835 591 3884 ’Φοῖ-
624 3833 763 3892 inseruerit
776 3841 967 3882 consentaneum.
1184 3853 1188 3864 r

39 3901 80 3950 βον
102 3903 169 3964 τιμᾷ.
198 3901 368 3966 (doclomui'oi.)
392 3902 397 3962 Ι
421 3902 494 3964 Χαῖρ’,
524 3898 592 3956 δλβιε
658 3899 739 3963 Atque
759 3899 809 3948 ltaec
829 3899 924 3962 quidem
945 3902 1002 3944 sunt
1017 3911 1055 3958 ee,
1072 3910 1125 3958 quae
1142 3896 1173 3944 de

39 3964 80 4009 παῖ
100 3965 207 4015 Λατοῦςί
238 3967 340 4030 (annor.
361 3965 450 4028 corat.)
483 3963 594 4028 Epodum
625 3963 762 4012 adornando
771 3965 824 4012 loco
836 3961 966 4010 difficiliore
977 3960 1080 4007 dicende
1090 3960 1174 4009 hebui·

38 4027 103 4076 simul
113 4031 245 4094 adscripsi,
260 4029 370 4092 quoniam
380 4029 414 4077 ibi
430 4041 522 4094 quoque
534 4029 593 4076 levi·
625 4043 686 4076 mus.
718 4027 783 4075 Nem
793 4029 852 4076 dues
867 4027 938 4074 unius
948 4025 1051 4087 strophe
1063 4025 1172 4073 antistro-

39 4097 73 4137 ter·
92 4095 218 4142 turbatum
241 4102 292 4142 erut
310 4103 363 4142 tum
379 4095 445 4142 illato
464 4092 596 4154 impuriore,
626 4094 686 4156 phos
696 4098 722 4140 et
737 4093 794 4140 ulibi
811 4091 899 4155 saepius
910 4090 1032 4137 observare
1049 4089 1116 4152 licet,
1133 4105 1173 4137 ve-

39 4156 100 4218 quod
122 4159 265 4219 obscurum,
291 4172 340 4206 turn
362 4159 437 4206 minus
463 4166 529 4208 reete
552 4159 594 4205 rie·
626 4157 735 4205 lutRan.
753 4162 800 4208 925
823 4171 890 4218 seqq·
921 4153 1069 4216 Adjiciamus
1086 4154 1175 4202 versio-

39 4223 130 4283 scriptis
142 4225 264 4286 versibus,
273 4223 405 4286 omissoque
414 4222 445 4284 γὲ
456 4229 510 4286 post
519 4221 593 4284 αίφνι·
626 4237 690 4268 nem.
718 4223 817 4270 Cinorus.
834 4219 935 4267 Cuinum
945 4218 990 4265 deo
1001 4218 1089 4264 festum
1105 4217 1175 4266 insti·

39 4283 93 4341 δίου,
113 4297 202 4336 ruente
222 4296 308 4336 metro·
341 4288 397 4336 Jmn
414 4289 522 4352 strophas
540 4302 594 4350 per·
626 4287 718 4334 tuitus?
738 4285 776 4333 dic
786 4285 872 4348 igitur:
888 4296 1020 4344 propensus
1030 4297 1074 4344 ego
1085 4298 1138 4331 sum
1148 4285 1174 4331 in

39 4364 186 4409 censeamus,
207 4368 263 4416 quae
274 4351 444 4414 propemodum
462 4359 541 4400 omnes
558 4351 595 4399 in·
628 4353 727 4399 deorum
747 4347 853 4399 cultum'
878 4345 999 4410 Agathou.
1025 4345 1079 4410 Age
1096 4347 1177 4410 igitur,

39 4417 240 4478 terpoletionibue
251 4416 475 4466 ioeduminmodum
489 4423 545 4465 sunt
554 4417 595 4463 de·
629 4429 697 4464 arcus
718 4415 839 4463 dominum
868 4412 942 4476 aurei,
967 4411 1048 4468 Musa,
1075 4413 1177 4465 celebre.

41 4482 152 4541 turpatus.¹
197 4481 266 4530 Nam
286 4497 338 4546 quae
360 4483 455 4545 stropha
476 4482 551 4551 prime
571 4481 596 4528 in
630 4479 759 4547 Phoebum,‘
780 4481 821 4545 qui
841 4477 980 4530 Simuntidis
1001 4477 1065 4525 urbis
1091 4479 1178 4526 nroenie
