2878 4902
65 377 188 454 naun]
478 409 481 414 ·
515 376 700 438 oratam.
1123 337 1179 442 ιιι

65 539 93 589 καῖ
102 537 162 596 κάτα,
171 535 299 585 λυποῦνται.
319 534 350 582 V.
361 528 390 581 ad
402 534 482 583 Nubb.
493 539 550 584 616.
557 537 589 584 ad
622 555 684 586 mon.
696 555 721 601 p.
731 541 823 606 llaec
835 543 891 588 121.
934 539 973 588 Da
996 539 1101 603 genitive
1122 537 1182 590 lunia¹

64 605 168 666 Eli-⁸⁶2·
179 601 257 649 Base.
290 599 393 652 Saldae:
411 599 586 665 πλανύττομεν,
621 603 783 666 similibusque
800 605 952 666 particeloci
968 604 1049 652 addito
1061 619 1084 652 v.
1094 605 1178 668 Viget.

63 667 185 726 πλανιίμεθα.
216 667 324 723 Καμικοῖς
345 665 462 726 παρῆκται
482 665 587 728 Ἀριστο·
621 669 652 715 de
665 667 737 714 idiot.
748 684 773 731 p.
785 673 841 718 369.
856 679 880 716 et
898 669 1009 716 Matthiae
1018 670 1126 718 Gramm.
1137 667 1180 718 Gt.

64 731 213 794 φίνηιὌρνισι.
244 729 272 776 ln
285 729 315 778 C.
327 730 358 792 gl.
369 730 519 791 πλανώμεθα.
533 733 587 778 Ἀτ-
621 749 645 794 p.
656 737 713 782 482.
726 734 828 780 Zonaras
839 734 864 780 ii.
876 738 947 783 1570.
959 735 1062 794 ποῖγῆς
1072 733 1181 797 explicat

63 801 118 845 τἰκοῖς
126 794 147 844 δὲ
156 796 270 857 παρῆκται.
281 795 401 841 Brunca.
620 795 652 845 εῖς
663 798 731 844 ποῖον
740 796 821 845 τόπον.
843 797 906 846 Rae.
917 801 959 847 ποῖ
967 808 1052 846 servat.
1063 800 1109 864 γῆς
1120 798 1180 846 Ald.

87 867 106 910 l.
120 861 189 908 ἄλλοις
197 860 213 906 i.
222 875 242 905 e.
250 857 334 918 μάτην.
371 858 442 922 i'esp.
455 863 495 906 86.
507 857 587 908 ἄλλως
620 861 658 924 (ιιι
676 870 700 908 et
719 865 774 910 187.
794 867 924 912 301470.
942 863 1128 927 tta.)'Jum.1.
1149 879 1179 911 ιι.

62 925 166 987 φλυαρεῖτ’.
184 923 212 972 V.
222 924 251 970 ad
262 925 363 971 candem
373 923 420 970 fab.
432 927 489 972 024.
501 923 586 971 Bane.
621 941 662 971 ιιι.
679 925 734 975 Gel.
776 927 918 975 Emendavit
940 927 1005 976 Crat.
1027 935 1075 976 etc.
1094 927 1178 976 Dino.

62 991 197 1052 τροφορεῖσθαι
215 988 315 1035 testibus
335 995 396 1034 vett.
419 987 588 1036 Grammaticis
620 989 667 1038 obt
686 989 737 1038 ὅποι
756 990 872 1038 Hermen.
892 993 923 1039 ad
943 991 1136 1056 EuripidHerc.
1149 991 1177 1040 F.

61 1055 205 1114 apudAtticos
221 1051 285 1098 idem
301 1051 428 1114 siguificat,
445 1051 511 1114 quod
528 1054 588 1100 alias
623 1058 791 1118 1200.ρ.70.-
817 1054 874 1104 Vid.
896 1056 1001 1104 Lobeck.
1024 1056 1054 1103 ad
1074 1055 1178 1121 Pltrpni·
1272 1103 1274 1112 ,

62 1119 123 1166 Greci
132 1117 205 1165 dicunt
215 1115 329 1178 διάζεσθαι
339 1126 365 1163 et
373 1115 480 1176 στήμονα
491 1119 586 1174 στῆσαι,
621 1120 690 1167 chum
702 1135 725 1182 p.
733 1125 774 1168 43.
786 1119 827 1166 Ιο.
870 1135 872 1144 ’

60 1183 199 1232 latiuetelnm
215 1183 298 1236 ordiri,
317 1182 355 1228 vel
368 1183 439 1230 telem
453 1181 516 1244 ,iugo
526 1183 610 1242 jun-²
654 1186 694 1232 10.
712 1183 741 1230 Iu
759 1186 806 1232 fine
824 1184 894 1248 hujus
915 1199 998 1232 versus
1018 1185 1075 1248 poni
1096 1186 1180 1234 debuit

58 1263 114 1308 gere:
129 1261 167 1308 per
176 1247 340 1310 metonymiam
350 1253 586 1310 autemconsequen·
620 1248 811 1312 interrogationis
821 1249 922 1311 siguum.
934 1249 1053 1298 Barnea.
1071 1250 1103 1297 m
1113 1259 1178 1300 recte

60 1312 82 1358 tia
99 1325 135 1374 pro
152 1311 296 1359 antecedenti
317 1311 395 1373 accipi
415 1312 485 1358 etiam
507 1319 588 1374 potest
621 1315 712 1360 habeut
723 1313 777 1360 edd.
787 1314 859 1360 Knst.
869 1315 950 1376 Bergl.
963 1313 1046 1362 Dine.

61 1382 176 1437 proiecere,
188 1385 212 1422 ut
222 1377 267 1424 hoc
280 1377 344 1440 loco,
360 1376 387 1422 iu
405 1391 451 1436 quo
469 1375 515 1433 τῆν
533 1375 587 1424 debr
628 1382 693 1427 Ι’11.
709 1376 881 1438 Ἐξηκεστίδης.
907 1377 985 1426 ’Ἡιιιια
997 1387 1117 1442 tamquam
1129 1393 1178 1426 ser.

60 1441 210 1504 προφορουμένω
225 1440 321 1504 proprie
339 1439 458 1501 siguificat
470 1442 534 1489 vium
551 1447 587 1489 te·
619 1455 674 1490 vum
687 1450 712 1490 et
722 1443 845 1490 barbarum
857 1443 1094 1492 nutatinira'lbtet
1104 1445 1178 1492 1027.

59 1511 132 1560 scatet,
140 1507 156 1553 i.
166 1521 187 1552 e.
196 1520 242 1552 non
249 1513 316 1552 recta
329 1512 467 1568 pergentes,
485 1506 528 1552 sed
540 1506 586 1554 huc
623 1507 666 1555 Hic
683 1515 763 1554 autem
779 1517 901 1570 tamquam
918 1507 1013 1570 pianum
1030 1518 1055 1555 et
1070 1522 1179 1562 erronem

57 1569 102 1616 illuc
111 1569 247 1626 cursitantes,
257 1570 307 1616 sive
319 1569 379 1616 uiam
388 1579 474 1616 euntes
484 1570 586 1617 redeun-
620 1575 693 1636 alque
704 1570 820 1628 άνίστιον,
839 1573 926 1636 cuique
938 1573 1089 1622 amnestiam
1098 1573 1180 1636 putria

59 1645 140 1695 tesque3
157 1634 470 1689 murescilicetteueatium
491 1635 540 1698 qui,
560 1643 587 1682 ut
619 1638 660 1692 sii,
682 1637 722 1685 ubi
742 1637 858 1686 δεκετεῖ.
892 1637 950 1686 Haec
969 1637 1034 1684 enim
1050 1637 1179 1704 sententia,

59 1699 157 1746 subtemen
176 1715 226 1747 curu
248 1699 350 1746 stamine
372 1708 524 1759 connectant,
547 1701 588 1747 iila
621 1701 728 1763 quamvis
750 1701 884 1764 splendida,
905 1717 954 1748 non
975 1709 1055 1764 potest
1076 1701 1180 1766 probari,

58 1762 106 1809 ultre
120 1764 218 1826 citroque
235 1762 324 1812 ducere
336 1771 361 1811 et
370 1763 482 1812 reducere
501 1765 587 1812 solent.
621 1767 668 1814 uisi
678 1766 703 1813 in
717 1766 827 1813 muudum
844 1765 1006 1814 introducatur
1015 1766 1125 1812 Platonis
1135 1781 1179 1828 po-

57 1826 120 1874 Kusr.
150 1828 252 1876 Glosse:
281 1828 370 1885 ἄλλοις,
391 1826 476 1890 μάτην.
498 1835 596 1891 προφο-“
620 1830 1104 1882 litiaetomuiafiantcommunin.Benu.
1123 1829 1181 1878 Nou

35 1887 37 1898 ⁴
57 1890 146 1952 ροορένα,
155 1889 195 1940 die
205 1893 301 1958 κᾴκεῖσε
312 1891 468 1956 πορευόμενοι
486 1893 587 1940 Suidas:
623 1895 764 1942 Wilaudum
774 1895 837 1958 fugit
848 1895 1014 1942 Execestidem
1033 1894 1100 1958 tangi
1118 1901 1179 1942 taun-

57 1957 215 2019 τροφιροομίνα,
234 1960 302 2021 δεῦρο
324 1960 420 2023 κᾴκεῖσε
441 1957 589 2018 πορευόμενοι
622 1960 867 2024 quamperegriuum.
900 1959 965 2015 Quid
983 1959 1056 2022 igitur
1075 1958 1121 2006 sibi
1136 1973 1179 2005 vo-

57 2021 81 2068 εῖς
93 2021 197 2070 τῖιναντία.
210 2023 376 2086 προφορεῖσθαι
387 2022 543 2086 γάρλίγεται
560 2022 589 2071 rb
622 2025 668 2072 luit
686 2025 722 2072 cir
742 2025 888 2072 clarissimus
910 2023 941 2071 ad
963 2025 986 2070 h.
1005 2039 1027 2069 v.
1046 2030 1180 2070 annotans:

56 2084 173 2148 παραφέρειν
181 2089 244 2150 δεῦρο
255 2089 355 2152 κᾴκεῖσε
365 2087 408 2136 cir
419 2087 525 2148 στήμονα
539 2090 590 2138 τοῖς
622 2087 799 2153 Aristophanes
827 2089 946 2152 significat
968 2089 1083 2136 callidum
1106 2088 1180 2134 istum

55 2147 177 2210 διοζομίνοις.
187 2148 590 2216 Ἀριστοφάνης’ορνισι.Βιιυςιας.
624 2154 753 2210 bominem,
772 2169 819 2216 quo
829 2151 905 2216 magis
915 2168 959 2217 pro
970 2153 1022 2201 cive
1034 2151 1126 2198 Athen.
1138 2153 1181 2199 ha·
1197 2195 1198 2202 ,

80 2221 99 2263 t.
107 2224 128 2262 et
137 2221 157 2265 7.
190 2218 253 2280 Lege
277 2216 503 2278 πιθίμεῖον.Βεκι.
522 2215 590 2266 τὸδ’
623 2219 726 2275 lucretur,
737 2220 772 2266 ita
782 2218 827 2266 sibi
838 2228 907 2265 notas
916 2217 1048 2266 reddidisse
1058 2216 1119 2272 vias,
1127 2231 1180 2279 qua

56 2278 213 2338 iai-Glossa
228 2284 330 2345 supplet
349 2283 391 2330 aba
410 2283 490 2340 εὔηθες
498 2295 504 2340 ;
523 2291 548 2330 et
566 2283 590 2329 iu
626 2282 734 2332 Athenas
760 2284 884 2345 ducerent,
910 2283 1011 2346 ipsaque
1039 2281 1102 2330 urbis
1129 2281 1182 2336 loca

56 2344 93 2392 ine
107 2346 219 2408 sequentis
235 2347 345 2412 distichi,
364 2346 484 2410 οὐμοιρίας
494 2345 590 2408 πλάσας
623 2348 749 2402 eueniant
765 2347 879 2395 facillime
897 2361 926 2394 ea
946 2347 1070 2394 inveniret.
1104 2345 1181 2393 immo

56 2409 156 2456 baanes.
198 2433 203 2442 ·
559 2425 565 2432 ·
623 2414 722 2460 ulterius
738 2413 811 2461 etiam
827 2413 896 2460 istam
912 2419 1000 2460 terram
1014 2411 1138 2458 barbaram
1155 2427 1181 2458 sa

64 2495 67 2502 ·
82 2479 100 2522 7.
114 2475 164 2524 τὸδ’
176 2475 330 2538 ipi-—Scbob
348 2479 436 2526 νοεῖται
452 2476 535 2538 ἔξωθεν
552 2475 589 2540 τά,
623 2479 712 2526 versari
722 2477 780 2524 dicit
792 2475 926 2540 Aristoph„
945 2475 1052 2540 quamvis
1072 2474 1181 2538 longissi-

56 2538 89 2587 oia
98 2541 180 2600 ebidem
192 2543 218 2590 ob
228 2542 317 2603 μορίας
325 2539 415 2602 ultim
427 2542 443 2600 ii
453 2559 477 2589 τι
487 2544 590 2590 ποιοῖντο·
624 2559 692 2598 ιιικιιι,
704 2543 769 2589 unde
780 2541 934 2590 Execestldes
944 2541 1045 2604 patriam
1054 2555 1182 2604 agnoscere

56 2603 233 2666 affedquesimile
251 2623 284 2655 ex
298 2607 449 2656 Nabatae.
465 2605 493 2654 rb
513 2609 538 2656 di
556 2603 591 2668 μῆ
623 2606 1062 2655 sibivisusiueritAthenasflorm.
1101 2604 1132 2652 V.
1145 2604 1181 2650 in-

55 2669 154 2717 -ἒλθεῖν
164 2669 298 2731 ἐμὲ-σοὶ
309 2687 331 2718 v.
343 2670 402 2719 Not.
413 2669 498 2718 Banu.
621 2671 658 2719 irs
678 2671 709 2719 ad
730 2675 787 2722 764.
813 2671 913 2732 (1527.)
941 2680 965 2718 et
992 2669 1091 2716 Suidam
1111 2667 1137 2715 iu
1159 2681 1182 2715 v.

79 2733 275 2794 &ternodrinse
311 2735 354 2783 Gi:
374 2735 495 2798 ἀφανίσαι.
535 2733 588 2782 Sui·
623 2737 743 2784 Bautica.
787 2735 854 2783 Libri
870 2749 961 2791 omnes,
981 2733 1027 2783 οὐδ’
1045 2734 1074 2782 ἂν
1092 2731 1126 2794 pd
1136 2731 1183 2780 Δία

53 2797 98 2842 dua:
114 2797 276 2858 ἀποσποδῆσαι,
288 2799 408 2861 ἀφανίσαι,
420 2800 467 2848 derb
477 2803 520 2858 τῆς
530 2817 589 2847 σπο-
622 2802 646 2862 η)
665 2802 772 2849 ἐντεῦθεν
786 2800 959 2862 Ἐξηκεστίδης.
994 2799 1054 2855 Quae
1072 2803 1184 2860 corrupta

53 2862 91 2910 δοῦ.
102 2863 154 2923 αὕτη
163 2865 209 2929 γάρ
219 2864 332 2930 ἂφανίζει
348 2868 393 2924 τῆν
408 2864 590 2928 προϋπάρξασαν
623 2881 677 2921 ease
687 2867 738 2913 visa
749 2874 804 2913 suut
823 2865 931 2914 Persona
941 2866 965 2910 in
976 2863 1078 2910 Adsere.
1088 2878 1113 2926 p.
1124 2863 1164 2910 aa.
1175 2879 1181 2907 ι

53 2925 101 2983 imp
109 2931 152 2976 τῖον
161 2929 244 2991 ξύλων.
262 2931 278 2990 ῆ
299 2930 452 2994 ἀποκροῦσαι,
470 2929 589 2990 ἀφανίσαι,
622 2947 653 2990 γε
662 2931 802 2992 particulam
813 2932 876 2978 enim
887 2930 951 2993 apud
960 2935 1051 2976 uetems
1058 2927 1185 2990 scriptores

53 2990 84 3037 tsi
100 2994 234 3055 ταττόμενον
255 2997 379 3058 ἐκβαλεῖν.
420 2993 591 3056 Ἀριστοφάνης
625 2995 728 3048 Atticos,
738 3009 794 3042 nam
806 2994 836 3042 de
849 2995 885 3042 bis
895 3001 987 3042 tantum
996 2992 1114 3056 cogitasse
1124 2999 1184 3054 puto

50 3052 145 3118 Ὄρνισιν·
164 3060 327 3118 ἀποσποδῆσαι
353 3059 409 3108 τοὺς
433 3058 519 3121 ὄνυχας
545 3061 593 3107 τῶν
626 3060 767 3116 Ροιεοιιιιιιι,
786 3075 833 3107 uun
852 3059 922 3122 sequi
929 3056 1085 3122 jurisjurandi
1095 3057 1184 3104 formu·

52 3122 161 3182 intuitus.
179 3125 301 3174 Brunca.
336 3125 375 3173 De
397 3125 450 3188 ipso
473 3123 592 3186 Euelpide
627 3123 775 3172 lasnisiuno
795 3123 909 3171 vocabulo
926 3129 969 3170 aut
987 3121 1093 3184 pluribus
1109 3121 1184 3168 inter·

52 3185 114 3232 intell.
124 3190 161 3251 qui
170 3205 220 3252 prae
237 3189 404 3249 sollicitudine
419 3205 514 3252 ungues
530 3203 592 3236 mor·
627 3189 720 3251 positis.
753 3187 865 3236 Correxit
883 3196 963 3234 autem
979 3185 1048 3233 Pers.
1066 3186 1130 3231 hunc
1147 3185 1183 3230 lo-

53 3249 91 3297 det.
101 3251 176 3302 Dran.
628 3269 683 3300 cum
692 3253 743 3300 ita:
763 3251 816 3300 utet
825 3252 858 3312 μὰ
869 3250 899 3300 Δί
904 3253 911 3274 ‘
924 3248 1030 3298 ἐντεῦθέν
1039 3249 1064 3308 η’
1074 3248 1104 3296 itu
1117 3249 1185 3307 Ἐξη-

78 3321 98 3364 0.
113 3318 177 3368 Misc.
189 3321 249 3369 crit.
258 3337 285 3384 p.
295 3323 353 3369 287.
364 3321 412 3374 ποῖ,
425 3319 545 3382 geminum
554 3333 593 3366 so·
628 3315 744 3374 ιιεστίδης.
764 3331 865 3378 quocum
886 3331 909 3362 v.
920 3319 961 3364 22.
979 3321 1109 3376 comparat,
1131 3311 1185 3360 uoti

52 3378 252 3433 lecisuumeffictt.
288 3385 412 3448 Principio
421 3385 503 3446 utique
512 3391 594 3447 postu·
628 3378 823 3443 paut'tmatt
831 3381 855 3440 γ’
867 3378 970 3443 ἀτραπὸς
980 3378 1088 3438 οὐδαμοῦ,
1101 3377 1124 3421 in
1138 3390 1185 3438 qua

52 3442 79 3490 lat
96 3445 165 3496 Attici
183 3451 301 3498 sermonis
318 3450 442 3511 ingenium
463 3447 513 3496 aba
535 3446 595 3496 δποι.
629 3462 653 3494 re
671 3445 756 3512 judicii
777 3445 932 3494 subtilitatem
952 3443 1071 3492 desidero.
1090 3440 1138 3489 ult·
1154 3439 1189 3516 dr*

51 3505 104 3556 Nam
113 3515 152 3560 ποῖ
162 3530 210 3560 non
222 3522 262 3562 cst
272 3514 322 3570 nisi
331 3514 510 3576 interrogantis.
543 3512 595 3560 De·
629 3511 691 3560 eninr
711 3527 760 3557 non
780 3510 883 3558 debebat
900 3507 1019 3556 attentari.
1051 3507 1187 3554 Perverse·

51 3571 97 3620 inde
105 3576 153 3626 οὐδὲ
163 3577 215 3627 ὅποι
224 3582 273 3640 γῆς
290 3579 363 3636 ἐσμὲν
374 3575 426 3627 οῖδα
436 3579 535 3640 perinde
549 3584 596 3640 est,
629 3577 715 3624 simum
726 3575 837 3640 estquod
849 3573 982 3622 Bruncltius
991 3571 1076 3628 edidit,
1089 3571 1137 3620 οὐδ’
1148 3570 1189 3636 δν,

50 3649 73 3683 ac
82 3639 100 3686 si
110 3641 186 3691 Latiae
197 3643 265 3692 dieas
277 3661 282 3689 :
302 3643 342 3690 Ne
353 3659 397 3706 qtto
407 3643 504 3706 quidem
521 3652 596 3690 tetra-
629 3641 662 3701 μὰ
677 3639 723 3688 Δία
738 3640 772 3701 7¹,
794 3641 902 3688 ἐντεῦθεν
921 3635 1096 3700 Ἐξηκεστίδης,
1113 3652 1185 3699 quum

50 3707 167 3767 nuptus
183 3725 253 3770 φκαια
271 3708 298 3755 iu
314 3715 384 3755 terrae
400 3709 506 3772 purtem)
524 3707 597 3754 simus
630 3709 659 3754 ab
671 3705 788 3768 prioribus
797 3704 943 3753 editionibus
954 3710 1071 3751 commata
1087 3701 1129 3748 illa
1146 3699 1187 3747 ab·

50 3767 105 3824 ³⁰⁹5,
121 3785 169 3836 pto,
189 3775 231 3822 tabi
249 3780 367 3820 terrarum
388 3788 407 3818 s.
419 3787 468 3833 qna
485 3772 509 3818 in
529 3780 597 3818 terrm
630 3778 719 3818 essent.
738 3769 821 3816 Dran.
856 3769 993 3832 Opponitur
1016 3767 1124 3815 ἐντεῦθεν
1147 3779 1189 3812 su-v

49 3840 113 3891 parte.
134 3837 204 3886 Hanc
214 3838 340 3885 notionem
351 3837 513 3899 suppeditabit
522 3835 596 3896 scrip-
630 3835 716 3898 periuri
738 3832 862 3890 ἐντευθενί,
891 3831 1090 3896 quemadmodum
1108 3829 1189 3892 paullo

50 3901 102 3958 tuta,
119 3915 187 3961 quam
208 3919 223 3950 a
242 3902 339 3950 Comici
353 3917 424 3949 manu
434 3901 507 3948 inisse
519 3901 597 3947 nullus
630 3907 685 3962 post
696 3898 821 3963 Euelpidis
831 3898 918 3952 verbis,
930 3899 958 3946 od
968 3897 1015 3960 γάρ
1027 3893 1076 3942 ἔστ’
1088 3889 1189 3941 ἐνταῦθά

49 3958 206 4013 dubitaverim:
225 3966 286 4015 ἀλλ’
300 3967 346 4015 uta
366 3965 425 4016 ὅπου
436 3965 597 4013 ·-.anaa.
629 3981 666 4012 τις
686 3963 762 4019 Ὁδὸς,
791 3963 945 4013 Pistltetaerua
967 3959 1106 4022 respondet,
1136 3954 1191 4006 otti

49 4024 213 4090 οὐδ’δποοηῆς.
247 4032 291 4080 Sic
307 4033 370 4078 bene
387 4031 520 4078 Dawesias.
554 4031 597 4077 So·
630 4022 1093 4090 utut’emateay’trpaetsottoaoi·
1127 4021 1189 4068 Scri·

49 4088 98 4136 loete
116 4097 193 4158 vulgo,
211 4095 268 4146 οὐδὲ
287 4098 332 4144 ποῖ
350 4097 404 4156 γῆς.
446 4095 474 4141 In
497 4095 597 4142 membr.
630 4095 734 4142 bendum
751 4093 833 4156 igitur,
853 4089 983 4151 οὐδ’δνμά
993 4087 1035 4138 Δί’
1048 4083 1154 4135 ἐντεῦθέν
1164 4086 1191 4146 η·

49 4154 157 4218 nuptum,
174 4159 275 4218 οδδὲπῆ
288 4163 346 4220 γῆς.
380 4161 410 4206 In
426 4159 517 4206 duobus
535 4159 596 4214 aliis,
632 4155 957 4224 δνἜξηκεστίδης.Βοιοςο.
1138 4217 1143 4228 ¹
1265 4161 1272 4168 “

49 4220 72 4263 ad
87 4229 186 4271 nostram
204 4227 342 4274 lectionem
359 4225 464 4288 propius,
481 4222 534 4272 οὐδὲ
553 4224 600 4271 ποῦ
666 4227 705 4272 72.
723 4221 753 4271 σὺ
759 4221 843 4282 μὲν-,
851 4222 901 4284 ipae
908 4219 1044 4280 ingreditor
1052 4218 1112 4266 batto
1119 4231 1192 4274 σιαπι,

48 4284 92 4340 *tit-
106 4287 223 4338 Brunca.
258 4290 365 4339 Donvill.
381 4299 461 4336 temen
482 4289 511 4336 ad
528 4287 599 4335 Char.
632 4288 722 4336 amice:
738 4302 825 4348 nempe
834 4286 908 4340 illam,
917 4285 959 4330 ubi
970 4284 1030 4344 οίμοι
1041 4280 1192 4330 clamandum
1262 4338 1264 4343 Α

48 4351 124 4408 alto.
134 4353 226 4412 docuit,
234 4357 281 4403 has
292 4353 423 4419 particulas
434 4354 497 4402 inter
508 4369 533 4400 se
545 4367 599 4416 per-
634 4360 679 4407 est,
695 4360 723 4399 ut
740 4359 767 4398 tu
782 4347 854 4398 modo
870 4349 999 4396 clamabas.
1032 4347 1137 4409 Scholia,
1160 4345 1193 4420 είς

49 4417 130 4472 moun,
148 4426 174 4467 et
192 4421 281 4468 Moeris
293 4437 319 4483 p.
332 4423 389 4468 alt.
407 4419 486 4466 Attice
505 4419 546 4466 ποῖ
559 4431 601 4479 pro
634 4416 746 4476 τῆνοίμοι
754 4415 807 4466 tatu
815 4413 905 4476 βάδιζε.
934 4413 1088 4462 licetautem
1100 4411 1193 4460 Graeeu

49 4478 89 4523 7νῦ
103 4484 157 4542 pout
172 4487 296 4537 observat.
315 4483 379 4532 Add.
392 4483 476 4532 vatur.
493 4483 524 4530 ad
544 4483 601 4530 Am·
636 4483 670 4531 ita
680 4483 754 4547 loqui.
784 4480 868 4545 Eurip.
879 4478 981 4545 tvidad
991 4477 1060 4543 τ.2.)
1071 4477 1114 4534 τῆς
1123 4472 1194 4524 πάλιν
