2914 4904
224 407 265 466 (tt
528 389 653 450 Nom
674 385 717 444 lN
741 375 1083 441 ARISTOPHANEM.
1160 377 1212 453 [V.
1227 374 1381 436 seo-466..

227 554 360 608 valiincta.
371 551 457 600 Bnao'.
474 549 536 596 Sane
548 546 650 594 Alcman
661 545 711 590 hac
724 542 783 605 [Ur·
819 539 850 586 ad
868 533 964 585 sansoni
980 533 1091 598 prolicit3
1108 532 1195 582 sufficit
1211 534 1277 580 enim
1295 533 1325 580 ri
1339 533 1373 581 ol.

228 623 272 668 sin.
285 615 440 678 FragmLyr.
453 607 784 676 p.tl.]duonominainter·
818 603 859 650 stc
875 612 955 650 autern
972 599 1107 661 distinguo:
1125 599 1152 646 σθ
1167 595 1320 659 ξυλλήψεσθ’,
1343 595 1373 645 oi’

229 684 287 730 dum
305 682 399 742 eadem,
417 677 536 726 interdum
548 675 640 721 diversa
654 672 721 719 iacit.
739 669 758 718 F
761 684 784 715 n.
819 665 970 727 ὄγκόλλεσθ,
991 662 1109 724 σῑμόεεσθ
1126 669 1175 710 etc.
1213 662 1269 710 Niti
1288 663 1373 709 frustra

230 747 300 795 cm,
819 731 916 778 Boeotos
926 729 960 776 ait
969 729 1008 774 vel
1018 727 1099 790 potios
1113 725 1189 773 uisum
1208 726 1320 772 simulare
1332 741 1373 789 per

262 814 320 859 466.
336 809 387 856 ruis
397 804 475 866 κάλῳς
486 803 553 852 Suid.
565 802 589 846 in
599 797 784 858 ὀγκόλλεσθαα
819 795 955 856 superbiam
972 807 1044 854 quam
1062 789 1223 850 temrvocat.
1256 789 1323 836 Belli
1333 805 1371 836 cu·

230 875 315 923 Basr.
343 870 418 934 Apud
429 870 496 916 Suid.
508 866 590 916 rell-ou
600 863 702 926 legitur:
721 873 785 908 utro·
818 859 887 921 pidos
903 859 938 904 ita
956 855 1033 904 innuit
1049 856 1086 903 rel
1104 853 1247 915 itsdiiragos,
1267 867 1323 900 cum
1333 867 1373 900 eos

229 939 266 986 sis
277 936 349 984 modo
360 935 434 994 legas,
444 933 507 980 nihil
516 932 630 985 interest;
648 928 710 972 idem
723 940 784 971 sem·
818 923 884 968 velut
894 921 960 984 pacis
970 920 1088 982 malignos
1097 925 1237 966 subacturos
1247 917 1375 964 insimulat.

229 1013 366 1062 persensus
377 997 478 1045 elicitur.
497 995 540 1040 Fu.
555 993 622 1040 Cur.
656 989 786 1050 Perpetem
819 985 864 1032 Fr.
875 986 943 1033 Cur.
960 984 988 1031 orl
999 983 1140 1044 ξυλλήψεσθ’
1153 999 1159 1040 ;
1176 979 1209 1030 cl’
1223 979 1373 1041 ὂ-γκόλλεσθ.

229 1065 256 1113 in
267 1063 299 1112 A.
311 1061 415 1111 ὑπότεινε
427 1059 454 1108 δὲ
464 1059 493 1116 δὴ
506 1058 560 1106 πᾶν.
571 1081 605 1091 -
613 1055 690 1102 τσῖσιν
700 1052 785 1112 aaa..
819 1049 859 1096 Sic
879 1050 969 1110 optime
983 1048 1014 1095 B.
1024 1047 1135 1094 Dimeter
1154 1052 1192 1092 est
1209 1044 1374 1107 anapaesticus.

229 1123 467 1186 Siobeneprimariae
481 1121 537 1170 edd.
566 1119 656 1166 Nescio
667 1133 709 1165 cur
720 1116 785 1164 Kus·
819 1113 886 1159 Male
896 1114 922 1164 in
934 1111 965 1158 A.
978 1111 1039 1158 utin
1049 1109 1168 1173 primariis
1182 1109 1238 1156 edd.
1248 1107 1304 1169 οὐχὶ
1319 1111 1372 1168 ξνλ·

229 1197 281 1238 tsro
300 1188 418 1252 placuerit
434 1184 521 1234 κάλοις.
554 1180 786 1243 Ethocquidemin
819 1175 934 1238 hitleotl'3
959 1175 989 1222 In
1002 1174 1173 1224 recentioribus
1189 1187 1245 1219 vero
1262 1174 1373 1233 pessime,

228 1253 291 1302 binis
312 1251 390 1307 codd,
413 1251 455 1298 sed
476 1247 583 1312 praet'erri
604 1245 687 1292 debuit
706 1245 787 1290 Attica
819 1239 873 1302 σῦχό
885 1241 987 1298 σύευλλ.
1004 1239 1105 1286 Suidast
1116 1235 1293 1298 ὄγκόλλεσθσι5
1304 1238 1374 1298 idme

229 1318 312 1366 torma
330 1316 360 1364 In
371 1316 498 1364 amiur.
507 1311 553 1360 derb
564 1308 638 1362 κάλα,
645 1324 693 1356 non
703 1306 786 1356 κάλον.
819 1307 898 1366 χενεῖν
909 1303 947 1352 cal
957 1303 1043 1364 όγκσνε
1052 1300 1246 1364 περιβάλλεσθαι,
1264 1299 1374 1356 esurire·

228 1379 343 1443 Equos.
364 1378 441 1426 πάντα
458 1375 537 1426 κάλων
559 1373 785 1435 &fricet-,Battum
820 1371 882 1418 σθαι.
893 1367 924 1416 ol'
937 1366 1093 1429 όγκόλλεσθε,
1110 1365 1163 1415 ἀντὶ
1173 1365 1225 1420 τοῦ,
1237 1363 1276 1413 αἶα
1286 1363 1374 1426 erepsi-

230 1447 309 1493 τοῖσιν
319 1442 407 1498 κόλοις,
420 1443 483 1489 Rav.
496 1439 585 1487 venet.
597 1437 750 1486 Victorianus
760 1435 785 1481 in
809 1435 888 1482 ’δεσθε
903 1431 948 1492 μὲν
956 1434 991 1492 τῷ
1000 1429 1107 1492 excisio.
1125 1427 1319 1490 προσποισόμενσι
1336 1426 1374 1476 aa·

230 1508 302 1556 Actis
309 1508 406 1554 Monac.
417 1507 492 1567 sap.
502 1507 569 1559 4⁰3„
578 1501 704 1548 Kusterus.
711 1503 787 1548 ταῖσιν
820 1515 877 1560 κειν,
889 1497 936 1558 οὐχ
948 1495 1032 1544 ἕλκετε
1042 1493 1076 1543 δέ.
1087 1494 1111 1552 ll,
1122 1493 1166 1542 τὸν
1176 1491 1249 1554 detor
1259 1491 1373 1555 περιβόλ·

230 1570 309 1632 κάλῳς
318 1571 403 1632 reliqui
415 1569 477 1616 libri.
487 1568 569 1615 Drun.
585 1563 666 1613 κάλοις
676 1563 787 1612 ed.Kus-
819 1566 892 1611 λεσθε
908 1560 947 1609 καὶ
961 1557 1132 1619 metanoeas
1151 1557 1189 1606 καὶ
1206 1555 1373 1620 ὑπερηφανώτ-

230 1643 275 1684 ter.
287 1633 365 1684 κάλως
376 1634 414 1681 ed.
427 1631 483 1679 Ald.
500 1629 578 1678 Schol.
596 1643 667 1690 supra
677 1633 733 1677 418.
748 1627 786 1674 hic
820 1629 870 1674 σθε.
883 1627 1004 1672 Bnurtcrr.
1023 1623 1050 1671 cir
1068 1622 1134 1670 delet
1145 1621 1203 1669 Ald.
1214 1628 1239 1668 et
1249 1635 1304 1669 mox
1322 1623 1373 1684 [ba-

230 1693 542 1746 tethrarcharum
559 1691 648 1752 κάταγε
659 1695 735 1740 τοῖσιν
744 1689 785 1739 κά·
820 1687 872 1750 bet]
900 1687 1036 1749 ὄγκόλεσθ.
1061 1687 1143 1734 Bsrtr.
1176 1685 1204 1732 σύ
1230 1685 1380 1748 ξυλλήψεσθ’

230 1772 286 1812 λεια.
302 1761 390 1820 κάταγε
399 1763 449 1808 τοῖς
460 1759 527 1806 Suid.
538 1758 587 1804 Ms.
597 1756 649 1802 scil.
660 1755 685 1801 in
697 1755 786 1816 όγιιόλ-
821 1752 885 1800 Rav.
914 1754 945 1800 ln
964 1751 1063 1801 Juntina
1074 1758 1152 1798 mest
1169 1748 1225 1811 σθχὶ
1241 1751 1269 1797 orl
1287 1748 1373 1810 ξυλλή-

230 1831 325 1889 λεσθαι,
343 1826 384 1872 ubi
400 1823 491 1884 κάταγε
500 1824 549 1870 τσῖε
559 1817 642 1868 κόλοις
652 1819 707 1867 edd.
717 1818 787 1866 Med.
820 1818 885 1880 ψεθί
908 1819 950 1864 sad
962 1817 987 1862 in
999 1815 1145 1876 corrigendis
1154 1813 1279 1870 monitum,
1296 1813 1374 1876 γράφε

231 1889 304 1953 Kust.
319 1889 396 1936 Pons.
819 1882 847 1929 σὺ
867 1879 1004 1942 iuuabunt.
1015 1907 1047 1916 -
1058 1877 1183 1939 ὀγκόλεσθ
1202 1877 1257 1925 edd.
1271 1879 1373 1926 veterri-

263 1958 320 2003 451.
338 1952 449 2013 Sequitur
460 1951 558 2012 stropha
568 1963 678 1996 versuum
688 1947 735 1993 xiv.
747 1947 787 1994 cni
820 1961 874 1992 mae.
901 1946 960 1994 Vid.
980 1944 1048 1992 Bast.
1064 1942 1167 2007 append.
1185 1943 1216 1989 ad
1234 1942 1307 2004 epist.
1324 1943 1375 1990 crit.

231 2017 334 2066 similem
341 2023 396 2078 post
407 2015 456 2062 xiii.
467 2014 582 2061 iambicos
593 2014 666 2059 habes
676 2011 787 2058 antistro·
820 2025 845 2072 p.
858 2013 897 2058 18.
907 2009 991 2056 Drsn.
1017 2043 1027 2056 .
1223 2030 1235 2046 .·

248 2082 311 2129 ham.
352 2079 447 2126 Primus
458 2085 483 2123 st
493 2077 578 2124 tertius
587 2091 669 2122 remus
679 2081 735 2120 sunt
744 2089 787 2136 pa·
853 2078 912 2134 468.
930 2072 1040 2135 Ol.post
1055 2069 1197 2134 ὀγκύλλεσθ’
1216 2077 1274 2118 nota
1291 2071 1375 2119 interr.

229 2095 374 2198 iniecerit,
394 2139 512 2189 secundus
523 2153 592 2201 paeon
602 2140 702 2201 primus,
720 2153 788 2200 quar-
820 2139 908 2200 posita,
927 2145 978 2183 tum
995 2136 1083 2182 editum
1093 2135 1210 2198 οἰμώξεσθ’
1229 2135 1252 2182 ol
1269 2135 1373 2184 Βαισστσό.

230 2213 271 2254 tus
282 2206 414 2268 dactylicus
424 2205 515 2264 duplex
531 2203 570 2250 rel
589 2203 722 2250 trochaicus
732 2219 787 2248 πεν-
820 2201 904 2248 Tacite
917 2199 1053 2248 emendarit
1062 2201 1168 2248 Brunck.
1180 2200 1263 2246 Drrtn.

231 2269 357 2332 θημιμερὴι
371 2269 410 2315 vol
426 2265 531 2327 ἡμιόλιος
542 2281 575 2313 ex
584 2281 668 2328 paeone
679 2265 788 2327 quamvis
853 2269 910 2312 461.
927 2263 1059 2312 Hermann.
1076 2264 1107 2312 de
1129 2265 1203 2311 Metr.
1221 2279 1246 2326 p.
1266 2267 1324 2312 290.
1345 2265 1375 2310 ob

231 2334 257 2380 in
276 2333 425 2394 antistropha
444 2331 476 2378 sit
493 2330 611 2388 creticus;
626 2329 723 2391 quintus
742 2327 786 2375 du·
821 2327 1017 2390 antistrophicum
1026 2329 1057 2376 όιε
1064 2326 1159 2377 κακόνοι
1167 2334 1214 2374 etc.
1233 2327 1282 2389 legi
1298 2327 1375 2390 jubet,

232 2397 291 2458 plex
310 2394 499 2458 palimbacchius
508 2411 515 2452 3
532 2402 611 2440 sextus
630 2401 654 2440 et
673 2392 788 2454 septimus
821 2391 877 2445 ἄλλ’
888 2391 977 2452 όγειόν
992 2409 1030 2452 γε,
1048 2393 1170 2452 ξινόλιεεπε
1181 2391 1220 2440 cal
1230 2391 1291 2452 αφά.
1325 2391 1376 2438 Ne·

232 2461 328 2508 dimetri
348 2458 502 2522 anapaestici3
519 2469 616 2505 octavus
632 2457 788 2518 όφθημιμερὴς
821 2471 868 2518 que
887 2457 950 2503 enirn
970 2456 1050 2503 iambo
1069 2457 1095 2504 ln
1117 2457 1217 2521 syzygia*
1230 2456 1376 2517 anapaestios

232 2523 310 2584 όμσισι
316 2541 324 2584 3
340 2538 418 2570 nonus
429 2531 454 2569 et
464 2521 571 2570 decimus
584 2520 683 2583 paeonici
694 2535 726 2566 ex
736 2535 787 2567 cre·
821 2520 888 2567 locus
898 2528 943 2567 est.
955 2519 1036 2567 Drun.
1054 2521 1119 2568 Libri
1129 2535 1211 2568 ornnes
1222 2519 1314 2580 όγεπσν
1322 2523 1374 2576 ξυν-

231 2589 303 2646 ticis;
326 2587 475 2648 undecimus,
493 2586 569 2632 xiiet
587 2585 636 2631 xiii.
651 2584 789 2646 anapaestici
823 2581 921 2632 ἔλαετσν
941 2583 980 2632 καὶ
999 2584 1062 2646 αφά.
1112 2585 1298 2646 Aristophanem
1326 2582 1374 2628 tale

232 2651 326 2700 dimetri
337 2651 418 2697 mixtis
429 2650 521 2704 iambis,
540 2649 589 2695 imo
607 2656 633 2696 et
649 2647 752 2710 dactylis
762 2648 788 2694 in
822 2649 880 2710 quid
891 2647 1013 2709 scripsisse
1023 2651 1130 2697 credam:
1148 2650 1204 2697 ἀλλ’
1223 2644 1286 2703 ἄγεθ’
1306 2643 1375 2694 ἕλκε-

232 2715 394 2777 antistrophs;
411 2713 518 2760 decimus
539 2720 637 2774 quartus
654 2719 738 2758 octavo
757 2712 787 2759 si·
822 2710 1017 2771 roub'yotlrcal
1029 2714 1090 2776 σφό.
1124 2714 1202 2760 Aliam
1211 2707 1375 2770 conjecturam

232 2780 303 2830 milis.
340 2778 408 2825 Haec.
421 2777 466 2824 etsi
488 2777 613 2823 observatu
632 2775 705 2836 digna
724 2781 789 2838 sunt3
822 2791 865 2837 per
874 2775 965 2822 litteras
980 2791 1075 2830 mecum
1093 2771 1375 2826 commussicttltdottis·

233 2850 313 2890 lamen
328 2857 407 2904 nsque
417 2840 499 2888 facilia
509 2855 586 2902 neque
602 2840 673 2900 vulgo
684 2839 788 2900 placent.
822 2840 896 2885 simus
906 2839 942 2885 vir
952 2838 1108 2889 Ahlward'tus
1119 2860 1127 2870 ·“
1140 2835 1197 2884 ἀλλ’
1215 2836 1293 2896 ἄγετ’,
1310 2837 1376 2887 ἀλλὰ

233 2906 311 2954 Pauci
321 2906 385 2952 enim
395 2910 458 2959 suut,
470 2903 541 2965 quiin
552 2911 676 2950 numerato
686 2903 790 2950 habeant
822 2901 998 2950 σννέλιιετειιαὶ
1008 2905 1120 2966 ceddo.
1305 2933 1308 2938 ,
1450 2957 1451 2964 ἵ

232 2979 340 3018 veterem
356 2969 381 3014 in
398 2968 520 3016 metiendo
537 2975 563 3014 et
578 2967 734 3028 percutiendo
749 2982 788 3014 ra·
854 2965 1114 3026 idhitaproipucest:
1131 2964 1175 3010 Me
1195 2979 1225 3011 er
1242 2966 1310 3020 turre.
1328 2981 1377 3029 quo
1450 2967 1451 3002 t

233 3032 333 3087 tionem,
355 3031 408 3078 sive.
425 3032 481 3093 quia
502 3029 640 3078 difficultate
660 3037 787 3086 terrentur,
822 3028 1026 3078 extraherdaerat
1044 3029 1104 3093 Par,
1120 3029 1255 3090 suspendo:
1278 3030 1376 3090 ἔπεμπό-

233 3096 285 3144 sive
303 3097 360 3158 quia
379 3096 463 3143 veteris
482 3095 591 3148 Musicae,
609 3101 635 3142 et
652 3110 696 3156 per
714 3095 790 3142 multa
821 3111 890 3143 πτειν
907 3100 982 3142 artem
1004 3093 1070 3140 Latt.
1094 3093 1167 3140 verbo
1185 3094 1321 3143 incumbere
1342 3111 1376 3142 re·

230 3160 281 3223 jam
292 3161 389 3214 secula,
406 3160 544 3206 obliteratus
554 3163 617 3205 usus.
649 3158 788 3207 Mihisem·
822 3159 928 3222 spondet.
940 3158 1024 3205 Drsn.

233 3238 278 3285 per
289 3229 359 3272 erunt
368 3222 431 3272 ruhi
441 3223 472 3271 τὰ
482 3220 587 3284 χαλεπά.
604 3221 648 3268 Fu.
661 3223 731 3270 Cur.
854 3228 907 3272 466
923 3219 1049 3286 κᾴμπόπτω
1060 3220 1128 3268 Suid.
1139 3219 1276 3282 ἐξαιτήσας.
1288 3220 1377 3282 adrep-
1450 3219 1451 3222 ’

266 3291 324 3336 4⁶2.
339 3286 395 3346 μόλ’
407 3285 443 3334 εἷα
454 3287 484 3334 ad
493 3287 554 3334 illud
564 3286 674 3332 Petronii
683 3283 740 3345 μόλ’
753 3285 790 3334 εἶα
822 3285 897 3336 πόπτα
906 3287 956 3333 Μι.
967 3286 1045 3334 Pons.

234 3349 273 3413 (p.
283 3351 353 3412 ³³9.)
364 3350 468 3398 solennis
479 3357 528 3397 erat
542 3351 595 3397 baec
610 3350 712 3396 formula
722 3351 789 3398 exci-
855 3356 908 3402 466.
926 3349 1018 3398 Versus
1040 3349 1064 3395 hi
1084 3349 1156 3411 vulgo
1175 3348 1286 3396 videntur
1304 3351 1378 3398 choro

233 3413 312 3470 uadi,
321 3415 458 3468 stimulandi
466 3415 578 3476 aliquem.
587 3411 654 3472 μάλα
659 3421 728 3460 notat
735 3430 790 3463 rur-
822 3430 875 3462 esse
882 3414 973 3469 tributi,
983 3421 1082 3476 propter
1089 3412 1187 3472 δεόμεθ’.
1204 3413 1310 3461 Rectius
1319 3427 1378 3462 con·

232 3494 282 3533 sus,
294 3480 380 3538 magis,
392 3479 501 3541 amplisu,
512 3480 584 3532 altra
597 3477 705 3526 ulterius.
733 3479 788 3526 Me·
822 3479 917 3526 veuitnt
933 3478 1040 3542 Trygaeo‚
1062 3477 1101 3524 oui
1120 3492 1154 3524 ex
1174 3476 1238 3525 Rav.
1257 3484 1315 3526 suut
1335 3477 1379 3524 ad·

235 3541 442 3604 ‹lioquoqueaero
461 3557 515 3588 eam
532 3541 684 3600 usurpabant,
703 3543 789 3602 ultreia
823 3541 1003 3605 serpulum.
1034 3539 1143 3603 Λάμαχε.
1176 3541 1210 3588 Et
1219 3542 1266 3596 hic,
1276 3548 1307 3589 ut
1315 3542 1378 3590 dixi·

233 3604 349 3656 dicentes.
382 3605 642 3666 Landulphusdunior
656 3604 788 3654 Hist.'Me·
824 3622 878 3668 rnrs,
898 3607 945 3653 dux
962 3606 1010 3654 fuit
1024 3621 1079 3652 cum
1090 3605 1163 3653 Nicia
1173 3612 1199 3652 et
1210 3605 1341 3654 Alcibiade
1351 3608 1378 3654 in

234 3667 393 3730 diolpsdlt.
412 3671 451 3716 ed.
470 3669 560 3716 Mutat.
594 3668 735 3716 ‘Permovit
750 3670 790 3734 ju·
823 3670 938 3718 Siciliensi
947 3671 1020 3724 bello,
1039 3669 1081 3716 ubi
1098 3669 1191 3716 fortiter
1206 3683 1241 3716 ae
1251 3670 1328 3732 gessit
1338 3685 1379 3718 oc·
1450 3703 1451 3710 ι

233 3739 359 3781 vectorem
381 3733 592 3780 Mediolanensem
610 3747 694 3780 cruces
713 3734 790 3782 susci·
823 3735 930 3796 cistisque
941 3735 1012 3781 estin
1024 3732 1115 3796 prelio.
1128 3733 1171 3781 Fr..
1183 3732 1252 3780 Cur.
1270 3735 1379 3792 ἐμποδὼν

232 3811 290 3859 pere
299 3803 325 3844 et
335 3797 467 3844 cantilenas
478 3795 508 3842 de
519 3795 621 3856 Ultreja,
632 3796 724 3861 Ultreja
734 3813 790 3846 cen·
820 3797 953 3859 καθήμεναι.
969 3831 972 3838 .
985 3797 1021 3844 Ex
1040 3797 1184 3844 Pherecrate
1204 3798 1316 3860 sumpsit,
1337 3800 1379 3860 qui

234 3861 302 3910 tare!
347 3860 380 3906 Et
390 3861 462 3922 paulo
473 3865 541 3920 post:
560 3858 567 3884 ‘
580 3859 703 3907 Eamdcm*
716 3863 791 3909 canti·
819 3861 843 3910 in
860 3861 999 3924 'transfugis
1009 3861 1068 3908 dixit
1079 3861 1109 3908 de
1120 3860 1217 3922 Argivis
1236 3861 1300 3918 istis,
1318 3875 1380 3924 qnos

232 3924 311 3974 lenam
329 3922 480 3985 deletreje,
499 3922 601 3985 Ultreja,
619 3925 798 3984 cantaverunt?
821 3925 858 3974 hic
876 3934 952 3988 notat,
969 3923 1190 3987 ἐπαιιφοτερίζσυσιν
1208 3925 1381 3984 innotescas·

233 3986 326 4038 Rarsr.
790 4023 792 4031 -
818 3987 908 4050 ήμενσι.
942 3988 1234 4038 sicanimversumilluro
1252 3991 1279 4036 iu
1297 3991 1381 4038 Sobel.

265 4057 323 4101 464.
340 4050 397 4098 Non
418 4055 481 4096 recte
502 4047 538 4096 eia
559 4055 614 4096 ante
632 4049 668 4098 ἔτ.
685 4051 795 4104 deletum·
819 4054 929 4109 emendo,
958 4061 984 4101 et
1009 4055 1064 4116 lego
1093 4050 1312 4114 επσμφσππρόζσνθ.
1339 4053 1382 4101 In.

233 4122 277 4171 est,
300 4129 374 4175 quum
392 4111 423 4160 ad
435 4127 458 4160 v.
469 4117 526 4162 tta.
541 4114 688 4176 respiciatur.
706 4117 789 4168 Drun.
819 4119 896 4180 Supra
906 4123 963 4167 664.
974 4116 1354 4180 ἣμόρα-μισσλάμαχσς.Βιπο.

234 4175 353 4238 &audura
363 4176 511 4242 omisso.elc,·
528 4177 623 4228 codices
634 4177 787 4232 Raaetve·
851 4187 908 4232 466.
923 4181 1043 4244 popurus.
1076 4183 1170 4229 Habuit
1179 4195 1223 4242 pro
1230 4181 1321 4244 insigni
1333 4181 1381 4228 La-

233 4241 384 4290 11⁰²·D1N12·
462 4287 465 4289 -
533 4275 534 4282 1
818 4247 921 4294 maus.
934 4247 1080 4308 Gorgonem,
1098 4260 1177 4308 quam
1186 4256 1211 4291 et
1228 4246 1384 4295 Mammam

264 4309 323 4354 467.
339 4305 364 4356 si
375 4321 458 4354 versus
467 4306 516 4362 ¹hic
533 4308 692 4369 anapaesticus
702 4317 740 4357 est
749 4309 798 4358 di..
818 4317 896 4374 vocat,
915 4325 964 4374 qua
974 4325 1032 4358 voce
1042 4308 1236 4359 terriculamenta
1246 4309 1383 4368 infantiam

234 4375 317 4424 meter,
337 4369 373 4417 τό.
385 4368 438 4433 σθχὶ
451 4369 526 4434 [vulg.
538 4371 593 4434 σῦχὶ
612 4373 639 4421 ol
653 4375 796 4436 .ξιιλλ.],αιι·Α
818 4374 987 4438 designantur:
1013 4382 1039 4422 et
1056 4372 1214 4436 μσρμσλόιιειει
1231 4375 1389 4422 vocabantur·

232 4442 351 4494 potestat,
362 4442 480 4499 nocetque
487 4436 610 4486 metiendo
622 4438 701 4488 versui
708 4453 785 4500 neque
819 4439 913 4503 tragica
925 4439 963 4488 vel
973 4439 1070 4489 comica
1082 4438 1201 4489 humes
1212 4451 1335 4502 persone,
1344 4436 1383 4485 vel
