2878 4902
234 439 273 499 ρο
534 427 655 485 noma
676 423 720 484 tn
744 395 1096 482 ARISTGPHANEM.
1125 417 1173 495 [v.
1194 421 1362 524 ross-ron.

235 584 289 632 alie
300 582 368 645 alba,
378 581 430 629 aliae
440 581 529 640 iuscoe;
546 587 571 627 et
581 581 675 629 ardeam
683 580 790 628 fortassis
823 583 878 630 2⁷⁷.
893 580 1004 637 πανόλης
1015 575 1030 637 ἦ
1040 575 1131 626 τάλαιν’
1149 573 1284 634 ἀπόλλυμαι
1295 573 1363 636 (pror
1422 549 1423 578 ³

236 646 318 694 cadem
336 646 427 692 ratione
444 645 530 692 dictam
544 660 592 691 non
608 646 690 706 inepte
707 645 790 691 existi·
822 657 862 692 sus
872 645 932 706 perii
942 643 1051 703 misera)=
1063 643 1147 690 Banu.

237 719 328 756 mamus
347 709 376 756 ab
393 709 484 771 ardore,
501 707 607 770 quamuis
623 707 790 769 aliiquasiat-
856 712 928 758 1030.
944 707 1078 768 Legebatur
1105 703 1177 766 &aad
1194 701 1252 750 τότε
1276 703 1365 762 πρῶτον.

237 773 316 826 duam,
329 771 375 820 ἀπδ
385 773 428 819 τοῦ
438 771 495 834 ἀέρα
504 771 574 826 δόειν,
586 772 650 833 quod
661 772 708 818 alte
718 772 792 818 volat.
824 771 885 818 Cod.
906 771 967 817 Rev.
986 777 1012 816 et
1030 769 1117 816 Venet.
1134 767 1204 816 ’ἀλλά
1220 764 1280 826 τόγε
1293 761 1366 825 πρότε-

237 835 330 897 Vulgus
349 836 485 884 Graecorum
506 834 597 896 κέπφον
614 834 731 896 hodieque
750 849 792 881 vos
823 851 871 896 ρον.
910 833 981 881 Cons.
991 847 1015 880 v.
1026 837 1098 880 1073.
1118 831 1179 882 Cod.
1199 829 1261 878 Rae.
1281 830 1329 875 τοῖς
1344 828 1367 874 δ’.

238 900 388 962 cantherios,
399 911 457 946 sane
469 900 588 945 detortum
599 913 627 944 ex
640 899 732 958 κοῦφα;
748 912 792 944 nos
825 897 913 950 Dian²

240 961 307 1010 Galli
324 963 427 1017 fulicam.
440 961 546 1024 sculpas,
566 961 659 1007 inverse
678 961 793 1022 fortassis,
860 965 931 1009 1041.
947 959 1018 1008 λόκος
1032 958 1072 1010 Ιοἶν
1089 957 1126 1016 όμ.
1161 957 1234 1020 Apud
1246 955 1312 1002 Snid.
1323 969 1367 1015 pro·
1422 1003 1423 1014 φ

238 1025 306 1086 quasi
326 1026 401 1085 cousc,
416 1025 474 1071 ·i.e.
494 1023 577 1084 κοόφη.
599 1023 721 1071 incar.
754 1023 794 1070 sic
826 1025 931 1070 verbium
949 1023 1030 1085 babes,
1047 1021 1117 1070 λόκος
1132 1019 1167 1070 diu
1183 1021 1291 1080 ποιμανεῖ
1307 1018 1336 1064 de
1349 1033 1370 1064 rc
1422 1033 1423 1072 η

238 1089 305 1136 Plut.
316 1093 374 1136 913.
385 1087 403 1136 d
414 1087 497 1150 κέπφε.
519 1089 558 1134 Ab
569 1088 612 1135 itae
622 1099 665 1134 ave
676 1095 713 1134 est
723 1087 793 1134 etiam
825 1087 975 1148 impossibili,
995 1085 1125 1134 secundum
1143 1085 1211 1147 iliud,
1228 1085 1258 1132 ὡς
1274 1083 1316 1130 οὐκ
1327 1081 1369 1128 ἔστι

239 1153 391 1216 proverbium
403 1149 493 1213 κέπφος
509 1150 591 1212 dhises,
606 1159 633 1198 ut
644 1152 683 1198 bic
693 1151 718 1196 in
728 1151 792 1197 Pace
826 1151 908 1199 λέουσι
919 1151 957 1198 καὶ
969 1148 1076 1213 ἀνδράσιν
1086 1149 1151 1210 ὅρκια
1161 1145 1320 1196 πιστὰ-οὐδὲ
1334 1145 1370 1192 λό-

196 1261 199 1266 ,
239 1222 309 1262 notat
319 1216 400 1263 Schol.
417 1215 450 1264 V.
461 1215 593 1262 Erasmum.
605 1213 688 1261 Bisno.
702 1215 807 1268 ἀλωπε·,
826 1213 948 1262 corrected
966 1213 1047 1277 ἀνδρες
1063 1213 1180 1274 ὁμόφρονα
1199 1212 1270 1268 θνμδν
1288 1210 1372 1272 έχουσι,

240 1279 335 1327 κιδεΰσι.
369 1279 408 1326 Sic
428 1278 480 1325 bini
498 1277 568 1324 codd.
584 1289 609 1324 et
627 1278 708 1338 priscae
728 1277 793 1332 edd„
827 1277 949 1325 Ft.Cnn.
981 1278 1020 1324 De
1038 1277 1074 1322 his
1091 1277 1153 1322 inter
1171 1289 1232 1336 quos
1246 1274 1372 1321 insanabile

239 1348 311 1389 recte.
345 1341 434 1388 Nescio
446 1341 508 1387 unde
520 1343 544 1386 in
554 1341 695 1386 recentiores
703 1341 794 1386 venerit
825 1341 957 1388 dissidium.
992 1340 1116 1388 Consimili
1138 1341 1210 1401 figura
1229 1339 1289 1385 dixit
1304 1337 1372 1382 Hora-

241 1402 420 1452 ἀλωπεκόδεσσι.
451 1404 630 1450 Sinceraforma
646 1411 684 1449 cst
700 1403 792 1450 ἀλωπε-
825 1405 872 1450 tius
892 1405 934 1451 sed
945 1404 1009 1466 prius
1022 1403 1126 1464 Appulis
1139 1402 1271 1464 jungentur
1288 1415 1372 1462 caprea

241 1467 326 1526 κιδεὺς,
345 1475 373 1512 ut
385 1465 539 1527 πελαργιδεὺς
548 1465 594 1511 Αν.
606 1469 677 1513 1856.
686 1483 792 1530 περισσε·
824 1467 895 1529 lupis.
929 1465 1143 1513 Erasmusssaau.
1165 1465 1227 1512 Cod.
1240 1465 1307 1512 Rav.
1328 1465 1373 1526 πρὶν

240 1531 314 1593 ριδεὺς
325 1529 467 1591 opsnatu
478 1531 598 1590 Χαιριδεῖς.
614 1529 677 1578 Vide
690 1531 792 1578 Valcke-
825 1529 871 1578 rel.
882 1531 964 1576 Dino.

239 1606 290 1640 nar.
313 1593 337 1638 in
355 1591 446 1639 Annot.
464 1593 495 1638 ad
515 1593 615 1640 Theocr.
637 1591 716 1640 soon.
736 1597 793 1642 121.
859 1598 930 1642 1043.
948 1591 990 1642 ἕως
1009 1592 1032 1650 ἡ.
1070 1592 1110 1638 Sic
1131 1593 1245 1652 scriptum
1268 1591 1374 1652 oportuit.

241 1657 362 1704 Bianor.
400 1656 480 1703 Recte
507 1669 602 1717 quoque
628 1655 794 1704 ἀλωπεκιδεῦσι
825 1671 882 1717 non,
894 1659 1007 1719 utvulgo,
1015 1655 1107 1713 ὧςη-.
1115 1655 1207 1702 Nullihi
1217 1655 1375 1702 &redhibetur

241 1719 298 1766 Aid.
332 1720 372 1766 Sic
386 1719 493 1767 Juntinae
508 1721 680 1766 amba-teror
696 1719 793 1774 invexit,
826 1733 870 1782 pro
891 1718 942 1782 ἕως,
962 1724 1026 1775 dum,
1049 1722 1129 1772 donec,
1150 1719 1269 1780 quamdiu.
1311 1719 1373 1779 Apud

242 1791 270 1831 ut
279 1783 382 1838 videtur,
403 1783 489 1829 Portus
500 1790 583 1829 secuto
594 1781 706 1828 Kustero.
717 1783 794 1828 Poas.
827 1783 900 1829 Hom.
911 1783 941 1830 ll.
950 1788 1042 1846 0,539.
1054 1779 1096 1830 ἕως
1106 1783 1119 1828 ό
1131 1783 1166 1840 τῷ
1175 1779 1290 1841 πολέμιζε
1298 1780 1374 1840 μένον.

240 1847 283 1896 Po.
295 1848 416 1894 πέποισθε,
429 1847 511 1892 Bana.
828 1843 863 1893 έτι
875 1848 894 1893 δ’
904 1848 995 1904 ἤλπετο
1006 1845 1077 1902 νίκην.
1096 1843 1188 1890 Eodem
1198 1847 1270 1891 modo
1281 1845 1377 1891 heroicis

275 1915 348 1960 103³.
365 1907 397 1958 du
417 1909 492 1957 δόλιαι
510 1908 594 1971 ψυχαί.
627 1907 647 1954 A
669 1907 751 1954 dolosa
773 1913 797 1956 et
827 1909 911 1970 priscis
931 1911 1009 1972 po'e'tis
1027 1907 1069 1956 ἕως
1086 1905 1102 1965 ἡ
1121 1922 1164 1968 pes
1183 1914 1233 1954 erat
1251 1910 1377 1970 spondens,

242 1974 341 2036 vulpina
359 1981 437 2020 mente
455 1973 517 2019 male
536 1972 664 2020 audiebant
684 1972 795 2019 Lacedae-
829 1973 921 2019 coalitis
939 1975 964 2020 in
980 1987 1053 2020 unam
1069 1971 1162 2018 duabus
1179 1971 1260 2033 primis
1276 1971 1376 2034 syllabis.

243 2037 325 2090 monii.
358 2037 420 2084 Nam
440 2044 466 2083 et
484 2036 611 2098 Euripides
629 2035 797 2082 Andromacha
828 2034 1310 2096 Bnuncx.dibop.libriomnes,ctiam
1322 2035 1378 2080 Rau.

243 2105 300 2150 447.
332 2097 442 2162 Σπάρτης
454 2099 537 2146 ἔνοικοι
547 2098 616 2147 δόλια
632 2097 794 2160 βουλευτήρια,
827 2102 922 2155 -βδεῖ
939 2101 1027 2148 excidit
1044 2101 1071 2146 in
1089 2099 1156 2147 Jnnt.
1168 2114 1198 2144 11.
1210 2097 1293 2144 Dino.
1311 2107 1376 2158 σφον-

244 2163 340 2224 Spurtoe
360 2164 442 2210 inculte
467 2163 726 2210 uotosmconcittnunta.
750 2162 794 2211 Fr.
829 2163 888 2220 δόλη
899 2179 974 2226 genus
990 2169 1026 2210 est
1040 2161 1113 2225 πόφης
1129 2162 1168 2208 vel
1182 2159 1271 2222 σίλφης
1281 2161 1377 2207 irimdini

244 2227 311 2274 Can.
343 2225 519 2272 Lacedaemonii
537 2225 712 2288 intelliguntur,
737 2239 795 2286 qno·
828 2227 905 2272 simile
922 2229 964 2274 sed
980 2227 1036 2274 meli
1056 2225 1142 2273 odoris.
1175 2225 1278 2272 Proinde
1294 2224 1377 2272 stolu-

242 2301 405 2398 tuitii.
419 2289 797 2400 ”desuetudinis
828 2289 1378 2402 iiiiii?iiiiiimilinipiiiiissili

243 2413 350 2463 Λάκωνες
370 2414 458 2476 εἰρήνης
478 2367 538 2476 ἀέρι,
561 2423 607 2462 etc.
640 2414 670 2460 In
692 2415 796 2476 Lysistr.
828 2418 931 2478 antiquis
944 2418 1017 2464 suerit
1033 2367 1228 2478 sua’veqspirang..
1247 2389 1321 2478 Apud
1333 2416 1378 2462 He·

242 2482 301 2526 631.
320 2477 358 2526 stul
378 2477 528 2530 διαλλάττειν
544 2478 601 2542 πρδς
622 2479 683 2539 ἡμᾶς
700 2478 796 2540 tntum
827 2482 935 2543 syclrium
947 2482 1035 2528 habes:
1054 2477 1181 2541 σφονδύλη,
1200 2477 1280 2539 ὅμοιόν
1289 2497 1314 2526 τι
1325 2478 1379 2540 φασδ

152 2603 153 2606 ¹
243 2543 389 2604 Λακωνικοῖς,
409 2541 469 2590 οἷσιν
483 2541 568 2590 πιστδν
587 2534 661 2598 odila,
681 2543 703 2589 sl
719 2541 796 2606 pirrsp
828 2544 939 2604 σολοιφόφ
954 2543 1020 2599 εἶναι,
1040 2543 1116 2602 ὀσμὴν
1131 2542 1225 2604 φαύλην
1235 2543 1377 2605 προϊέμενον,

243 2604 437 2667 λόκηιπεχηνότι.
450 2606 533 2652 Βιιιιο.
656 2611 659 2616 “
828 2608 852 2655 si
869 2625 905 2655 τις
925 2607 1008 2670 ἅψεται
1030 2609 1108 2665 αὐτῆς.
1146 2605 1236 2654 Nescio
1255 2621 1288 2653 an
1310 2609 1381 2654 ausim

276 2673 351 2718 1034.
366 2669 678 2732 οὖτωσάθερμὸς-ιιειιιρε
697 2678 723 2716 ut
741 2683 795 2718 caro
828 2674 965 2726 emendare,
996 2671 1071 2735 σίλφη
1099 2669 1198 2731 subdiu,
1222 2671 1261 2716 vel
1288 2671 1379 2731 σιλφίῳ.

240 2732 298 2788 ists,
309 2748 362 2796 quae
373 2742 472 2781 assatur.
485 2734 570 2780 Bran.
828 2734 889 2781 Sane
906 2737 970 2786 enim
980 2735 1038 2798 quid
1057 2735 1088 2780 sit
1106 2733 1233 2797 σαλόφιον,
1247 2733 1321 2796 juxta
1335 2735 1379 2782 scio

189 2847 192 2851 ,
276 2799 348 2845 loss.
365 2796 432 2843 Inter
449 2797 553 2843 hariolos
571 2807 596 2842 et
614 2797 796 2858 χρησμολόγους
828 2813 881 2844 cum
902 2799 1091 2860 imperitissimis.
1131 2797 1220 2859 Incipit
1241 2805 1325 2844 autern
1347 2799 1381 2844 bic

259 2859 317 2906 rinei
337 2864 375 2906 eni
401 2861 457 2906 olim
483 2860 563 2906 lucum
585 2860 687 2907 obtinuit
713 2863 796 2910 Bacis.
827 2863 973 2909 oraculorum
985 2877 1049 2909 more
1060 2875 1095 2908 res
1109 2861 1220 2908 obscuras
1232 2869 1257 2908 st
1269 2862 1380 2925 φαριιιιάς

241 2874 316 2982 fssaci
336 2923 353 2968 's
365 2923 509 2970 oraculorum
522 2923 627 2970 meminit
638 2925 661 2970 iu
669 2925 795 2987 qu.123.
827 2925 963 2973 blatterare.
984 2925 1028 2973 Fi..
1040 2927 1107 2973 Can.
1140 2922 1306 2986 πονηρότατον
1325 2927 1381 2981 βδεῖ.

242 2991 269 3032 st
279 2986 335 3033 998.
353 2987 410 3033 item
428 2987 451 3032 in
463 2985 525 3032 Avv.
535 2991 590 3035 903.
603 2987 698 3052 Barim]
732 2988 794 3036 Fue·
827 2989 938 3036 Hirndini
957 2989 1040 3036 similis
1051 2987 1255 3049 ειιὴσφονδόλη.
1293 2989 1382 3036 llirudo

241 3056 384 3096 runtautem
396 3057 441 3096 tres
452 3049 563 3112 Bacides,
576 3051 675 3112 quod'et
687 3052 796 3098 AElitinus
827 3059 907 3099 autem
923 3052 1024 3108 βδέλλα,
1039 3052 1148 3099 fortassis
1156 3053 1209 3114 quia
1221 3053 1381 3116 πονηρότατοι

237 3111 366 3168 ¹confirmat
385 3113 411 3160 in
433 3113 491 3160 Var.
511 3113 589 3159 Hist:
616 3115 794 3176 antiquissimus
827 3117 887 3172 βδεῖ.
920 3119 1069 3178 Quamquam
1078 3117 1222 3178 grammatici
1238 3119 1310 3178 quasi
1329 3115 1381 3173 βδό·

234 3189 271 3228 μοι
284 3176 375 3223 Eleous
394 3178 509 3231 Boeotica,
527 3177 644 3224 secundus
661 3193 689 3224 ex
703 3179 795 3243 Attica,
827 3189 925 3235 λουσαν,
935 3181 952 3228 i.
964 3197 985 3228 e.
996 3179 1145 3242 ἀμέλγουσιιν
1155 3179 1184 3227 rb
1195 3177 1251 3238 αἷμα
1268 3181 1381 3233 dixerint,

242 3239 326 3286 tertius
336 3255 363 3286 ex
375 3239 485 3286 Arcadiis
496 3241 591 3287 civitate
601 3241 691 3302 Capua,
710 3244 750 3304 qni
770 3253 795 3290 et
827 3253 855 3290 ut
872 3245 1003 3308 Nicander,
1027 3245 1065 3293 ital
1087 3243 1243 3304 σννέβδελμαι
1262 3243 1306 3293 tir
1324 3242 1381 3305 ηλό·

236 3301 325 3364 ἲ(ἓράοις
342 3303 420 3350 dictus
436 3310 461 3350 et
478 3301 605 3364 ἀλήτηςρὶ.
614 3319 636 3350 e.
646 3319 707 3367 erro,
727 3307 796 3354 nteit
826 3325 877 3368 ηας.
889 3309 927 3355 Ιο.

240 3365 350 3418 Philetas
361 3367 491 3433 Ephesius:
507 3367 547 3414 ubi
560 3367 683 3414 mendosus
692 3369 796 3418 fortassis
860 3377 932 3421 1044.
948 3373 985 3434 χῶ
1003 3363 1081 3420 addus
1102 3370 1235 3422 ἀκαλανθάς.
1278 3373 1380 3420 Acalan-

242 3428 342 3485 Graecus
352 3429 501 3477 scholiastes.
534 3431 598 3476 Nara
618 3430 692 3490 χόδας
710 3435 795 3482 melius
827 3435 921 3482 thideus
932 3437 972 3483 alii
984 3433 1058 3493 avem,
1070 3451 1122 3496 ques
1134 3447 1159 3484 et
1170 3435 1274 3492 ἀκανθὶς,
1287 3438 1329 3499 qui
1343 3439 1382 3491 βα-

242 3491 361 3566 legmetur
379 3507 421 3554 pro
438 3492 517 3548 κόδας,
533 3502 560 3540 ut
573 3494 604 3539 sit
615 3497 679 3556 quasi
690 3499 794 3558 χοδαῖος,
828 3499 927 3554 σιλικδς,
946 3500 1023 3547 Gallis
1036 3504 1144 3563 aspiciet,
1164 3517 1218 3564 qnae
1229 3508 1255 3547 et
1268 3500 1381 3548 ἀκανθυλ-

242 3569 284 3628 qur
295 3561 334 3602 est
342 3556 418 3629 veluti
429 3555 525 3614 ἀλήτης.
541 3557 721 3622 Theopompum
729 3561 797 3608 aiunt
828 3562 867 3612 itis
877 3571 903 3610 et
913 3563 1091 3625 ἀαπραγοιλῖνος,
1102 3571 1128 3612 et
1137 3565 1255 3613 carduelis
1263 3573 1314 3612 vet.
1325 3565 1382 3626 glos·

210 3659 214 3666 ,
243 3618 261 3664 l.
272 3631 307 3664 rx.
322 3617 509 3682 Philippicarum
519 3621 550 3666 de
561 3621 607 3668 hoc
619 3621 709 3670 Bacide
720 3625 796 3672 multa
828 3627 897 3672 sario.
924 3627 976 3674 Alii
985 3641 1069 3674 canem
1078 3627 1176 3684 iaciunt,
1188 3635 1230 3674 aut
1239 3642 1334 3674 nomen
1345 3642 1382 3673 uo—

243 3681 428 3738 mira'retulisse,
439 3684 610 3747 precipueque,
622 3699 795 3747 purgasseeum
828 3690 882 3736 bilis
903 3692 976 3738 canis.
1014 3691 1076 3738 Sane
1097 3691 1241 3756 Hesychius
1253 3699 1382 3753 utrumque

243 3743 478 3794 Lacedaemoniornm
498 3747 609 3795 mulieres
628 3765 656 3794 ex
677 3749 797 3812 Apollinis
828 3755 936 3814 exponit,
953 3762 978 3801 et
997 3755 1097 3801 celerem
1115 3771 1198 3802 canem
1216 3763 1242 3802 et
1255 3756 1383 3803 aviculam·

185 3871 191 3880 ¹
243 3809 351 3871 numine,
368 3810 409 3870 qui
425 3808 488 3858 hunc
506 3812 555 3858 illis
566 3821 717 3874 purgatorem
728 3814 794 3861 dicit.
829 3815 881 3864 Vox
891 3825 968 3864 autem
977 3818 1106 3880 κόδωνριο
1117 3819 1222 3881 epitheto
1232 3826 1282 3866 est.
1324 3820 1383 3866 Nam

244 3871 286 3946 Ab
305 3873 351 3920 hoc
366 3873 457 3922 Bacide
476 3873 637 3936 χρησμολόγοι
655 3891 796 3938 responsum
828 3881 865 3927 vel
879 3895 959 3927 canem
975 3882 1086 3944 intelligit
1099 3883 1225 3928 rictantem
1243 3891 1272 3928 et
1292 3883 1384 3929 ululan-

242 3935 300 3982 olrm
311 3943 350 3983 sat
360 3937 462 3999 AEsopo‚
480 3939 609 3987 tabularum
627 3939 744 4003 scriptori,
765 3943 795 3988 de
828 3949 874 3990 tem
885 3952 953 3991 acute
963 3944 1038 3992 instar
1049 3945 1110 3992 tubae
1118 3947 1155 3992 v'el
1168 3945 1340 4000 tintinnabuli,
1348 3945 1384 3991 vel

243 3997 333 4046 dltffilfl
343 4003 461 4048 0100011110
472 4001 580 4064 rogflnti=
601 4001 657 4050 ἀλλ’
668 4003 725 4051 ὅταν
734 4003 796 4062 oini-
828 4008 955 4056 clamosam
964 4023 1039 4056 avem.
1071 4009 1156 4072 Neque
1164 4023 1220 4056 vcro
1231 4010 1310 4057 nimis
1319 4009 1385 4055 anxis

243 4077 303 4112 ms
320 4063 528 4112 henninchusin
547 4067 642 4127 κορῶναι
656 4065 660 4130 Ι
675 4067 796 4129 diremti,
829 4072 880 4118 haec
896 4072 1043 4133 vestiganda,
1063 4085 1137 4133 quum
1155 4072 1185 4119 ds
1202 4073 1326 4120 industria
1341 4071 1386 4118 Co-

136 4180 141 4188 .
240 4125 273 4178 πδ
282 4127 369 4188 μεταξὺ
378 4128 489 4192 Κορίνθου
499 4126 537 4176 καὶ
548 4132 663 4178 Σικυῶνος
673 4139 719 4178 etc.
741 4133 798 4179 Fdit
830 4137 903 4182 micus
915 4136 1021 4197 ineptum
1038 4137 1102 4183 hunc
1120 4134 1268 4196 βωμολόχον
1289 4137 1387 4183 inducat

184 4231 185 4238 ,
242 4195 322 4264 autem
343 4192 414 4260 etiam
436 4193 508 4239 Bacis
527 4193 649 4254 epitheton
670 4193 798 4256 Pisistrati.
828 4200 928 4246 obscura
938 4205 963 4244 st
973 4199 1016 4246 sihi
1031 4199 1079 4262 ipsi
1088 4200 1209 4262 incognita
1219 4201 1387 4247 effutientem.

243 4251 356 4300 Meminit
372 4256 476 4303 Bacidos
493 4257 668 4318 χρησμῳδοῦεά
682 4257 753 4306 Plato
772 4261 810 4306 in'
828 4262 871 4308 Fu.
893 4262 960 4310 Cun.
993 4263 1185 4310 Tintinnabnlum
1205 4271 1281 4312 vocat
1302 4277 1388 4311 canem

243 4315 482 4380 Theogefflmctta.
828 4325 857 4372 ob
878 4327 997 4373 latratum.
1031 4328 1124 4374 Nomen
1148 4327 1279 4376 ἀκαλανθὶς
1301 4329 1335 4374 ub
1357 4325 1389 4374 αἶ·

277 4385 348 4435 1037.
366 4382 452 4449 ditibus
474 4381 574 4432 ἀπόλοι’.
622 4385 703 4448 Eutip.
725 4387 794 4436 Med.
828 4387 1046 4454 addictissimum,
1072 4390 1162 4438 derivat
1179 4391 1270 4440 Schol.
1285 4393 1318 4440 ad
1345 4391 1389 4438 As.
