2914 4904
225 414 262 468 50
516 405 641 468 NOTAE
662 395 706 466 rit
728 404 1060 468 ARISTOPHANEM.
1151 407 1202 485 [V.
1219 413 1364 474 ern-seo.

227 565 275 628 regi
287 565 374 614 accinit
389 569 474 616 chorus
487 585 492 615 ι
510 583 587 633 neque
604 585 653 617 nun
669 568 743 614 finitas
754 567 778 614 in
813 585 847 617 ιι.
854 569 892 616 ed.
903 567 980 630 upa,
990 563 1127 626 emittitque
1136 564 1192 611 cod.
1203 564 1292 612 Venet.
1299 565 1364 612 Ρη·

229 638 333 676 extrema
343 633 440 696 strophe
450 636 573 682 sententie
580 634 727 682 unicumhoc
739 647 778 678 er·
811 642 876 683 teret
885 629 1018 694 transposui
1029 629 1100 675 rerba
1110 627 1168 686 μόνη
1176 626 1224 690 ’κᾶν
1233 627 1296 687 ἡμᾶς
1305 628 1365 689 W·

231 693 336 755 emplum
345 711 351 742 ι
360 695 391 743 ci.
400 695 463 744 Rau.
471 699 638 747 218·Acharn.
647 702 704 746 993.
712 695 779 743 Eccl.
812 707 870 752 λιιι,
881 697 967 744 additis
976 696 1066 750 lucunae
1075 693 1159 755 signis.
1176 692 1271 739 ·Nexns
1283 695 1366 740 verbo-

232 761 289 805 518.
299 762 356 806 604.
380 759 510 808 Pindarum
531 771 557 810 et
573 763 668 826 Lyricos
688 759 781 822 passim.
813 756 1095 808 rnmiortessehiciuit:
1113 755 1296 817 μόνηγδρὴμᾶς
1306 756 1366 818 ὀρέ-

232 819 351 878 Ceterum,
363 838 394 870 ue
404 825 567 888 quisquerat,
585 827 687 887 strophas
699 823 783 886 prioris
814 835 876 888 λιιτ,’
888 823 965 873 πάντα
981 819 1110 884 παρίχονσ
1128 820 1205 880 ἀγαθὰ
1214 822 1294 874 πῖισιν,
1311 820 1367 869 orri-

233 884 387 946 priorvcrsus
407 890 537 936 trochaicus
553 897 688 937 tetrameter
703 888 783 949 enini,
815 907 893 938 σοι-.
905 889 985 934 Dran.
1051 905 1054 912 ·

232 949 369 1009 posterioris
387 952 475 1014 primus
493 960 530 999 est
545 954 660 1001 iambicus
676 951 784 1012 dimeter,
848 957 904 1002 579.
920 951 1035 1000 διάτονα.
1047 947 1158 995 Horatius
1176 945 1206 994 de
1216 947 1266 994 rita
1284 949 1387 996 rustice·

235 1011 321 1072 quibus
331 1018 473 1076 respondent
483 1012 666 1078 ιιάντίστοιχοι.
677 1035 680 1040 ·
690 1015 785 1062 Horra.
817 1015 906 1079 [Epod.
918 1016 943 1062 ii.
953 1015 1006 1078 40]
1028 1013 1036 1039 ‘
1049 1013 1122 1074 dapes
1133 1011 1235 1058 inemtas
1253 1013 1368 1074 apparet:

236 1073 301 1136 Iege
324 1076 436 1138 φιλτάτη.
462 1097 486 1126 v.
509 1085 566 1130 644.
585 1089 609 1128 et
623 1081 685 1140 ἡμῖν.
701 1079 783 1126 Bes-r·
817 1081 905 1127 Noster
926 1080 1032 1126 Acheru.
1051 1081 1091 1125 52.
1111 1073 1254 1130 ἀποβλέπων
1276 1075 1309 1124 εἷο
1327 1075 1371 1125 τδν

235 1136 290 1196 ἡμίν
299 1141 382 1188 ultima
392 1143 466 1197 brevi,
476 1145 511 1192 sic
521 1145 642 1207 flagitante
653 1150 729 1190 metro
738 1153 784 1189 tro·
817 1144 897 1206 ἄγρδν,
911 1142 1002 1206 sipirtus
1016 1142 1081 1202 ἐρῶν,
1097 1141 1193 1199 στνρῶν
1202 1137 1246 1198 μὲν
1260 1141 1290 1186 τδ
1300 1139 1369 1196 ἄστυ,

235 1203 326 1250 chaico.
365 1205 641 1270 Perperumvulgos‘puir.
674 1207 786 1269 V.praec.
817 1207 889 1256 τδνδ
901 1209 957 1268 ἐμδν
965 1209 1037 1265 δῆμον
1047 1207 1131 1264 ποδῶν,
1143 1202 1175 1251 ’δι
1186 1203 1327 1252 οὐδεπώποτ’
1339 1203 1370 1252 ιδ-

235 1265 283 1327 legi
303 1269 405 1324 maliem,
422 1273 498 1334 χαῖρε,
517 1274 580 1336 χαῖρ’
596 1271 614 1319 ὦ
632 1269 737 1333 φιλτάτη
753 1270 786 1332 γ’,
818 1290 869 1328 τεν,
881 1271 993 1334 ίίνθρακιιι
1002 1267 1069 1330 πρίιο,
1089 1269 1132 1316 οὐκ
1150 1267 1208 1326 ὄξος,
1226 1267 1270 1315 οὐκ
1281 1267 1370 1323 ἔλαιον,

235 1329 273 1377 sis.
307 1331 360 1380 Nec
377 1335 446 1382 altor
463 1335 534 1382 credo
547 1335 786 1396 Comicumscripsis·
818 1337 861 1384 οὐκ
879 1335 928 1402 ᾔδει
947 1333 1012 1397 πρίν,
1032 1331 1088 1380 ἄλλ’
1110 1330 1180 1380 ῦίῆὺς
1198 1330 1267 1393 ἔφερε
1286 1330 1373 1381 ²4⁸²·

235 1406 278 1439 te:
295 1410 351 1442 nam
378 1398 461 1444 ultima
479 1399 580 1447 nominis
594 1397 708 1461 φιλτάτη
730 1398 787 1446 elidi
818 1401 903 1448 Bene.
1364 1445 1369 1452 ,
1453 1399 1454 1418 ²

236 1469 285 1502 non
297 1465 383 1518 potest.
395 1462 513 1510 Bnuncrr.
534 1463 794 1526 Sophocl.Truch.18·'
852 1469 909 1513 580.
925 1464 989 1526 Iege
1011 1459 1160 1524 ἀγροίκοισιν.
1181 1461 1263 1508 Besr.
1286 1459 1372 1520 8027'

236 1518 316 1581 χρόνῳ
326 1524 347 1569 δ’
364 1523 389 1572 ἐν
399 1525 488 1588 ὑστέρῳ
501 1525 561 1589 mir,
577 1525 666 1590 δσμένῃ
683 1524 711 1574 δέ
725 1528 787 1585 nant
819 1529 859 1574 vel
873 1527 949 1577 δαίσ.
966 1527 1006 1574 In.
1023 1525 1172 1588 ἀγροίκοισιν.
1189 1523 1229 1571 Sic
1249 1531 1316 1571 recte
1338 1523 1370 1572 A.

237 1585 329 1634 κλεινδι
349 1585 409 1645 ἦλθε
428 1591 500 1648 Ζηνδς
523 1591 657 1651 Ἀλκμήνης
683 1609 711 1639 τε
726 1592 788 1640 ταῖς.
820 1593 887 1639 Mare
916 1594 988 1654 volgo
1015 1591 1127 1637 omissum
1154 1605 1167 1636 ν
1195 1587 1373 1650 paragogicum.

237 1645 323 1698 Bane.
358 1651 491 1700 Fomrulam
502 1653 787 1715 δσμένοιιὴμΐνῆλθειίί·
821 1657 912 1704 Versus
921 1667 958 1703 est
974 1654 1075 1701 dimeter
1091 1653 1234 1700 trochaicus.
1252 1653 1375 1699 Buuucr.

236 1709 339 1760 instrunt
349 1714 515 1780 Wyttenbacii.
524 1719 603 1780 Epist.
615 1721 676 1768 Crit.
684 1722 756 1781 put.
767 1735 787 1767 s.
821 1719 899 1782 χίδρα.
922 1720 988 1766 Num
1008 1717 1088 1782 χαρδὲ
1106 1717 1198 1764 Rursr.
1219 1717 1319 1778 Species
1336 1725 1376 1763 est

237 1789 263 1836 p·
274 1779 331 1826 247.
342 1778 424 1828 Drsn.
457 1782 521 1829 Hinc
533 1791 558 1830 et
569 1799 597 1831 ex
608 1784 719 1844 Sophocl.
730 1783 788 1829 Tra·
821 1783 948 1846 leguminis
961 1783 990 1831 τδ
1001 1781 1089 1846 χιδρδν,
1110 1788 1136 1828 et
1150 1796 1180 1828 ex
1197 1781 1282 1840 panico
1297 1781 1373 1826 confi·

237 1838 301 1886 thiu.
320 1845 359 1890 le.
376 1860 390 1890 o
409 1846 464 1892 time
483 1845 591 1906 ἀσμένοις
602 1847 711 1896 defendit
718 1847 789 1894 Mus·
822 1848 931 1895 ciebant:
947 1845 1141 1910 frugesnorelins
1151 1844 1331 1892 velfarinasex
1341 1845 1375 1891 ie·

237 1904 329 1964 gravius
340 1906 365 1952 in
403 1910 487 1972 uripid.
504 1910 621 1958 Phoeuiss.
639 1915 710 1959 1075.
727 1909 789 1958 adde
823 1913 958 1974 guminibu
967 1912 1065 1973 exponit
1076 1909 1220 1972 Hesychius,
1240 1908 1281 1969 qui
1291 1908 1374 1956 aitei-

237 1965 347 2030 AEschyl.
363 1970 486 2021 Prometh.
503 1979 544 2023 20.
576 1974 640 2024 Vide
657 1974 688 2022 ud
704 1976 789 2023 Phoen.
821 1993 863 2024 ros
881 1974 1075 2038 sincerrimam
1091 1970 1376 2035 (corrigeopurriuem,

236 2031 308 2078 1⁰⁶1·
319 2032 398 2081 Pont-
822 2055 878 2087 nam
898 2040 955 2086 alibi
974 2047 1044 2086 vocat
1064 2035 1163 2100 ἔρεγμδν
1182 2035 1377 2098 repperirem

269 2099 327 2143 574.
344 2097 472 2161 Είιᾶγριίν.
489 2101 606 2164 Legerem
616 2102 711 2170 δγροίι,
723 2103 790 2150 utsii
822 2111 859 2150 est
869 2104 931 2151 enim
948 2103 1058 2166 legumen
1073 2103 1162 2149 fretum
1177 2116 1206 2148 ex
1218 2101 1306 2146 hordeo
1324 2115 1375 2146 ma-

238 2159 393 2207 cutuiecticus
403 2163 488 2210 similis
497 2169 572 2224 primo
583 2168 660 2230 χαῖρε.
672 2169 734 2229 χαῖρ’
747 2184 752 2212 :
766 2175 790 2213 et
821 2168 893 2214 xime.
934 2168 1061 2214 Existimat
1078 2165 1163 2213 Suidas
1185 2164 1273 2210 dictum
1292 2163 1376 2226 χίδρον

237 2218 302 2266 alteri
314 2227 432 2285 sequenti,
444 2226 609 2288 κε’ρδοςδειο.
643 2231 789 2292 Inproxirne
822 2230 867 2278 ἀπδ
884 2233 927 2279 τοῦ
944 2234 1045 2292 χεῖσθαι,
1065 2229 1131 2292 quasi
1146 2237 1206 2275 terre
1226 2227 1288 2274 iliud
1304 2229 1376 2275 facite

237 2287 348 2342 sequenti
364 2288 437 2336 etiam
452 2290 564 2351 legerem,
580 2291 643 2349 ἦσθα
656 2293 703 2356 γὰρ
722 2293 789 2355 pri-71·
821 2295 913 2342 irruunt.
931 2295 992 2356 ,Ego
1011 2302 1116 2357 putorem
1138 2292 1202 2338 dicta
1220 2291 1291 2353 χίδρα
1309 2292 1379 2354 quasi

238 2361 305 2402 στον,
335 2351 488 2415 tolleremque
507 2354 544 2410 τδ,
577 2365 604 2402 ιιι
631 2358 663 2403 sit
691 2357 790 2404 dimeter
823 2357 1083 2421 χίδροτα,(]ιιίαιιιαιιιι
1097 2357 1213 2418 leguntur.
1244 2355 1379 2416 Legumina

231 2412 411 2464 *acatalecticua
463 2417 556 2464 Mixtus
584 2425 623 2466 est
642 2421 682 2466 hic
703 2422 790 2467 chorus
823 2423 858 2466 vei
875 2422 979 2484 χέδροπα
997 2423 1070 2469 etiam
1086 2428 1142 2467 sunt
1156 2416 1250 2476 σιτιίδη.
1280 2419 1379 2479 Fruges

238 2485 267 2519 ex
283 2475 391 2523 dimetria
412 2481 556 2529 catalecticis
575 2490 601 2529 et
622 2483 789 2538 acatalecticis,
822 2499 941 2531 summurn
951 2501 1025 2546 genus
1037 2491 1082 2538 est,
1096 2491 1122 2530 et
1138 2482 1326 2544 caetemspecies
1336 2485 1376 2529 rel

237 2539 419 2612 err-dactylicis,
439 2545 523 2592 ionicis
545 2545 667 2608 amajore
684 2554 708 2593 et
727 2562 791 2608 paeo·
822 2547 965 2595 differentia.
998 2547 1158 2597 iureconsulti
1168 2546 1263 2608 quidem
1275 2545 1307 2592 acl
1317 2562 1379 2594 urna

235 2601 303 2650 nucis.
347 2605 410 2660 Quin
432 2615 456 2654 et
476 2609 694 2657 iambicumirabrt
715 2610 790 2658 dime·
815 2611 918 2671 frugum
929 2627 1012 2658 rocem
1028 2611 1181 2672 diffuderunt,
1198 2611 1247 2656 imo
1264 2611 1294 2656 ad
1306 2610 1379 2658 siivas

234 2669 307 2722 ¹imm,
323 2668 442 2718 decimum
452 2680 518 2734 puta.
550 2673 639 2722 Infine
656 2673 724 2722 chori
734 2689 790 2722 ana·
823 2676 915 2722 cmduus
932 2683 958 2722 et
967 2675 1114 2737 lapicidinas,
1129 2689 1188 2736 quos
1198 2683 1264 2720 recte
1275 2674 1380 2736 castigat
1451 2733 1452 2736 Ἴ

237 2732 351 2791 paesticus
374 2746 411 2781 est
432 2736 540 2800 dimeter,
556 2738 599 2785 sed
620 2744 726 2800 putarem
755 2740 791 2786 le·
823 2739 933 2785 Julianus
945 2738 1016 2800 [Dig.
1031 2740 1060 2788 L.
1080 2743 1119 2794 16,
1135 2739 1188 2801 77.]
1200 2738 1241 2797 qui
1252 2752 1283 2783 ne
1298 2740 1379 2800 pomis

237 2795 350 2857 gendum,
367 2801 527 2859 προηελιίσει
539 2801 577 2849 ποί
588 2819 616 2851 σε
635 2801 734 2858 λαβόντ’
744 2811 791 2850 etc.
823 2803 918 2863 quidem
929 2803 1111 2870 appeliationem
1130 2803 1188 2848 banc
1205 2800 1296 2848 tribuit.
1332 2801 1379 2849 Ta-

238 2871 287 2904 non
298 2869 377 2906 sutem
386 2862 584 2924 προσγελάσεται.
603 2865 647 2912 Fr.
658 2867 726 2914 Can.
742 2866 790 2914 Le·
823 2879 878 2913 men
896 2868 956 2914 male
968 2868 1113 2914 trumentum
1123 2865 1214 2919 definit,
1225 2862 1290 2926 quod
1300 2867 1379 2912 erista

232 2958 234 2962 .
238 2922 339 2983 gebatur
346 2923 448 2984 δαίμονα.
470 2928 574 2976 Brunck.
588 2930 613 2976 in
623 2929 686 2976 notis
695 2928 792 2989 δαίμονά
823 2929 850 2976 in
860 2947 886 2978 se
895 2937 984 2987 teneat,
995 2931 1035 2977 ubi
1045 2931 1137 2978 vreerur
1148 2929 1265 2991 prospice
1275 2931 1380 2978 οτίιιοιιι

239 2999 276 3038 σε,
288 2987 341 3034 loco
353 3004 401 3037 non
411 2991 541 3039 intellecto.
573 2993 627 3040 Hoc
637 2993 790 3055 dicuntagri·
823 3008 966 3056 usurpasse;
982 3011 1030 3042 non
1048 2996 1112 3042 enim
1132 2993 1206 3041 cnivis
1220 2994 1381 3041 frumentacei

238 3049 306 3104 cole,
324 3065 350 3098 se
360 3055 516 3103 vehementer
531 3057 634 3119 cupiisse
652 3073 721 3120 egros
731 3058 790 3105 reri·
824 3060 917 3118 generis
928 3059 994 3122 spice
1005 3059 1104 3106 aristosa
1113 3065 1167 3114 est;
1185 3057 1275 3104 deinde
1286 3065 1380 3104 certum

240 3127 300 3160 sere.
333 3115 396 3164 Vide
408 3134 480 3182 supra
490 3137 514 3167 v.
524 3125 580 3169 561.
592 3127 617 3168 et
633 3122 693 3168 aiios
709 3122 735 3168 in
745 3124 791 3171 hac
824 3129 869 3178 est,
887 3138 964 3185 neque
975 3123 1065 3170 milium
1081 3137 1157 3184 neque
1176 3122 1288 3184 panicum
1298 3136 1380 3184 neque

237 3175 407 3229 fabulatores.
432 3185 511 3240 Quare
532 3186 658 3233 emendavi
679 3185 791 3246 δαιμόνια.
824 3201 917 3250 turgum
928 3202 1005 3249 neque
1025 3188 1076 3235 hec
1094 3185 1164 3250 χίδρα
1179 3193 1288 3232 constare
1301 3186 1379 3249 spica,

238 3239 278 3288 Sic
299 3243 324 3289 iu
342 3244 414 3294 Pluto
434 3253 491 3297 675.
507 3247 649 3309 ’ἐπεθύμουν
672 3250 792 3310 δαιμονίως
824 3251 867 3298 sed
877 3267 955 3314 neque
966 3251 1059 3313 siliqua.
1100 3252 1140 3298 Ita
1154 3250 1248 3312 magnis
1257 3250 1380 3297 Jurecon·

239 3303 374 3369 ίφερπίσαι.
383 3311 465 3360 Drun.
497 3313 567 3369 Quod
573 3315 670 3377 reposui
677 3314 790 3378 δαιμόνια,
824 3315 892 3362 sultis
901 3315 981 3377 migni
991 3316 1102 3362 accidunt
1111 3329 1209 3369 errores,
1221 3329 1325 3376 quorum
1338 3330 1381 3362 ne-

238 3378 359 3443 repertnm
380 3391 443 3424 nunc
461 3385 497 3425 est
517 3378 543 3424 in
561 3377 615 3426 cod.
627 3377 690 3426 Rev.
722 3379 790 3428 idem
824 3393 870 3440 que
882 3379 967 3427 Gallus
975 3395 1052 3442 neque
1064 3379 1157 3426 Servius
1165 3393 1241 3440 neque
1253 3378 1380 3440 Alphenus

238 3431 297 3480 hber
306 3442 394 3486 atto.
406 3441 596 3491 omittitrtetv.
607 3447 664 3491 583.
676 3459 713 3492 σε.
742 3444 790 3492 Ce·
823 3443 939 3491 immunes
950 3454 1011 3490 sunt.
1043 3443 1380 3506 Tameueranimirneisen-

238 3501 315 3570 terum
326 3500 345 3546 si
355 3504 393 3549 cui
404 3505 434 3552 de
443 3506 545 3553 carmine
555 3505 597 3552 illo
607 3513 672 3554 recte
689 3508 789 3557 sensisse
823 3509 898 3554 tentia
915 3524 962 3555 non
972 3507 1052 3572 placet
1068 3506 1145 3570 χίδρα.
1179 3507 1243 3563 Quid
1261 3507 1326 3552 enirn
1343 3514 1381 3554 est

238 3562 345 3624 videbor,
363 3567 454 3616 inventi
474 3570 569 3616 laudem
590 3585 639 3617 non
660 3578 709 3618 tam
729 3573 790 3619 mihi
823 3571 876 3627 hoc,
896 3572 1089 3633 tuctlegnmt'nn
1108 3577 1132 3619 ct
1148 3568 1227 3620 tulus?
1245 3585 1301 3617 narn
1314 3572 1380 3618 malo

238 3639 310 3686 quem
330 3627 437 3694 Reisigio
457 3633 529 3680 tribui
550 3633 628 3681 veiim.
677 3635 789 3691 Quamvis
822 3634 939 3697 ἀγροίκοις
949 3636 989 3700 σὺ,
999 3651 1069 3697 quam
1079 3636 1217 3698 ἀγροίκοισι.
1234 3634 1274 3681 Ne
1285 3633 1380 3682 diutius

238 3690 300 3737 enirn
312 3693 357 3740 viri
367 3696 455 3759 egregii
462 3697 600 3744 determine
609 3699 788 3761 impeditissimo
821 3700 932 3748 lectorem
943 3716 1027 3756 morer,
1036 3701 1134 3748 fortasse
1144 3699 1222 3763 χύτρα
1231 3707 1280 3745 tem
1287 3715 1380 3746 conve·

238 3758 357 3805 sententia
377 3761 407 3806 ab
426 3775 480 3806 mee
497 3759 567 3806 valde
585 3762 708 3819 dissideat,
729 3764 788 3812 iliud
820 3765 925 3812 nientem
937 3766 975 3813 hic
991 3760 1067 3812 locum
1084 3765 1180 3825 habeat,
1196 3778 1269 3826 quam
1284 3762 1319 3810 ru
1337 3763 1380 3811 ὄσ·

233 3823 318 3868 tumen
328 3837 367 3868 me
379 3823 476 3886 monuit,
493 3824 599 3872 versibus
608 3831 744 3876 576-583.
755 3830 789 3877 ita
820 3845 876 3890 πρια
892 3831 916 3876 in
935 3830 995 3892 ipse.
1027 3829 1086 3876 Haec
1102 3845 1146 3892 ego
1163 3829 1240 3876 doctis
1258 3829 1381 3876 censenda

237 3884 788 4016 :rrrtmsr.rtrrunrtrre;
820 3891 1380 4020 oriturrtirtnrntarnr

240 4015 429 4061 ’Ἀθ-35615.
529 3987 538 4017 ’
820 4021 857 4068 his
872 4023 969 4069 minutis
989 4021 1057 4069 rebus
1074 4037 1167 4084 semper
1185 4021 1231 4068 erit
1252 4019 1380 4082 ἐφεκτικὴ,

269 4079 328 4124 575.
345 4077 479 4139 Legebatur
490 4098 495 4126 :
513 4079 574 4139 ἦσθα
583 4081 630 4142 γδρ
639 4081 669 4130 τδ
674 4083 788 4145 μέγιστον
819 4099 897 4149 neque
908 4086 969 4133 tanti
980 4085 1043 4147 apud
1053 4101 1090 4132 me
1101 4084 1263 4147 unqunm'erit
1271 4087 1379 4132 auctori·

238 4137 295 4196 ἡμῖν
308 4137 313 4205 ί
327 4139 414 4205 κέρδος,
432 4141 599 4208 δποθουμένη,
614 4144 618 4212 Ι
632 4149 712 4203 πᾶσιν,
731 4148 787 4198 δτί-
820 4156 857 4195 tas
867 4150 1096 4214 glossographorum,
1116 4149 1186 4198 utin
1202 4163 1286 4195 eorum
1303 4150 1380 4196 verbe

238 4217 379 4268 σοιγεοιρρι-
394 4209 398 4270 Ι
412 4207 646 4274 κδνβίονὲιρίβομεν.
661 4209 665 4277 Ι
679 4211 787 4278 utun-pin
816 4210 898 4274 jurare
919 4213 999 4261 velim.
1042 4214 1144 4276 Quoquo
1166 4213 1236 4260 modo
1258 4213 1380 4274 legemus,

237 4265 299 4342 ῇμᾶι
306 4269 413 4332 ὠφέλεις.
423 4274 543 4338 nisi-quod
550 4276 788 4326 Iuverundimetms
818 4276 926 4325 innuitur
934 4285 1026 4326 tanturn
1036 4286 1062 4325 et
1068 4285 1176 4340 speratur
1182 4279 1277 4324 ubertas
1287 4291 1324 4324 ex
1334 4289 1379 4337 pn-

236 4333 293 4408 rlIos
311 4333 543 4400 ἦσθα-ποθουμένη
557 4341 582 4387 in
600 4356 674 4388 uuum
694 4355 788 4390 versum
819 4341 887 4389 cirico
903 4359 984 4390 rerum
999 4349 1070 4389 statu.
1086 4342 1131 4389 Fr..
1143 4341 1211 4416 Criu.
1228 4338 1302 4403 χίδρα
1318 4342 1381 4416 edu-

235 4459 787 4534 ι.
818 4403 1380 4534 rrnrnrnamnnrsa:

235 4525 335 4582 Porsen.
343 4532 368 4582 iu
380 4533 471 4598 praeiat.
481 4534 513 4583 ad
520 4533 642 4597 Euripidis
652 4532 744 4583 Hecub.
760 4549 786 4600 p.
818 4534 853 4583 cis
863 4535 943 4585 haberi
953 4544 1052 4599 possunt
1060 4543 1170 4584 recentes
1187 4535 1267 4600 fruges
1285 4534 1320 4582 ad
1333 4547 1378 4596 pa-
