2878 4902
234 415 274 479 94
530 403 654 463 NOTAE
676 404 721 462 ΙΝ
742 380 1077 467 ARISTOPHANEM.
1127 397 1176 474 [v.
1197 402 1378 459 1100·1to³.

236 565 417 625 amplectentur,
433 561 475 625 qui
486 561 578 626 judicio
587 575 661 624 pravo
672 575 791 624 parvoque
823 558 937 614 Nostrum
952 557 1012 620 legit
1028 555 1062 606 Ed
1078 555 1151 616 eries,
1169 553 1213 602 sed
1222 559 1313 600 *contm
1328 567 1380 598 me·

235 626 344 676 lectionis
356 641 401 673 usu
412 624 506 687 prediti
517 626 635 674 accedunt
653 625 683 672 ad
700 632 791 672 veteres
821 629 893 678 hum,
902 631 930 670 ut
938 639 966 670 ex
977 621 1238 682 antistropbsapparct.
1271 615 1379 670 Poterat,

233 689 286 736 illes
302 690 395 736 tabulas
405 698 429 736 et
439 689 506 751 quasi
516 690 644 736 litterarum
661 688 790 750 risuliagis.
822 683 1028 736 Edsr'or.Bsno.
1062 683 1141 744 Vulgo
1161 680 1256 742 legitur,
1278 679 1322 728 οὐκ
1340 680 1380 742 ἐᾷς

232 752 286 803 Hoc
296 767 325 800 eo
337 752 399 807 dico,
413 753 469 814 quia
481 753 503 798 in
516 754 560 800 hoc
570 751 791 821 quasiclunsmbulo
821 753 869 798 τῶν
878 749 962 809 ξύλων,
982 747 1033 796 lirr’
1045 749 1074 798 av
1090 741 1209 810 ᾖ-εἰῐῑθ
1229 743 1281 790 ull0
1298 758 1379 790 flentu-

229 815 345 878 juventus
359 823 440 863 nostra
450 815 521 862 hodie
532 822 581 863 tota
591 817 641 864 fera
651 824 792 877 occupatur,
822 812 894 874 Pejus
905 814 928 860 in
940 815 970 860 A.
983 813 1002 860 si
1014 811 1071 872 quid
1083 811 1152 872 pejus
1162 823 1216 854 esse
1227 815 1317 868 polest,
1336 806 1379 854 οὒκ

232 888 257 926 et
268 886 324 926 sunt
334 879 375 939 qui
391 893 424 926 ex
443 879 607 940 manuscriptis
623 879 671 926 suis
684 885 789 927 tantum·
822 874 884 924 stru
896 879 945 924 τῶν
963 875 1046 934 ξύλων.
1079 872 1208 920 Manifesta
1219 871 1320 916 sinceras
1332 869 1379 916 lec·

231 944 303 990 modo
313 943 571 1004 opersmpostulent,
581 955 714 1002 nomenque
724 943 792 988 docti
821 939 892 986 tionis
903 939 1010 1001 vestigia.
1034 933 1378 995 tuerAzsbimperitoli-

232 1021 264 1054 ex
275 1006 374 1054 aliorum
388 1005 601 1058 commendatione,
620 1005 707 1066 quibus
717 1003 789 1052 libros
821 1001 897 1050 brasio
907 1011 1022 1051 mutatum
1032 1003 1079 1048 luit
1088 1001 1113 1047 in
1123 1005 1184 1048 O'rtt
1195 1001 1260 1048 ΕΛΣ.
1279 997 1380 1044 Certum

232 1084 287 1118 suos
309 1070 372 1116 ultro
390 1070 549 1130 commodant,
567 1077 724 1128 aucupantur,
741 1068 789 1130 ipsi
821 1073 860 1112 est
869 1067 990 1128 scripsisse
999 1065 1123 1114 comicum
1133 1063 1171 1110 vel
1178 1061 1262 1121 ἐγκέας
1270 1060 1312 1106 vel
1319 1077 1378 1120 συγ-

229 1133 272 1180 vix
304 1131 518 1193 grammaticalibus
546 1131 671 1192 principiis
705 1132 788 1178 imbuti
820 1127 884 1178 κέας.
919 1130 980 1191 Hoc,
998 1129 1061 1190 quod
1071 1125 1378 1190 praetuli,addepravstsm

233 1195 357 1244 venditant
366 1196 435 1242 nobis
445 1193 697 1256 manuscriptiones‚et
705 1209 786 1255 quam·
820 1192 947 1240 lectionem
968 1193 1063 1254 propius
1085 1191 1186 1240 accedit.
1233 1187 1381 1236 comburens

231 1259 269 1306 vis
292 1259 340 1306 sint
363 1258 517 1306 audacissima
537 1257 637 1304 inscitia
658 1258 786 1318 mancipis,
819 1257 887 1316 ligna
905 1257 1051 1306 aridissima.
1084 1249 1188 1302 De‘hoc
1206 1251 1337 1314 perticipio
1356 1267 1381 1296 v·

232 1322 408 1384 impudentibus
426 1329 507 1368 tamen
524 1321 633 1368 uindiciis
643 1321 787 1384 emancipari
818 1319 927 1368 Pierson.
939 1321 969 1367 ad
981 1321 1052 1367 llloer.
1063 1334 1086 1380 p.
1095 1321 1152 1366 231.
1183 1313 1284 1376 ’systus
1303 1321 1381 1374 esset,

233 1385 337 1447 gestiunt
356 1386 531 1445 littersrumque
553 1384 633 1432 tontes
653 1399 678 1430 se
699 1384 785 1432 babere
818 1384 843 1430 ἐκ
865 1384 956 1431 ramiro
976 1396 1054 1430 urens.
1092 1381 1146 1428 Hoc
1167 1379 1217 1427 lere
1238 1377 1381 1425 adsecutum

232 1455 363 1503 autumant,
382 1447 429 1508 ipsi
444 1447 579 1508 pumicibus
589 1455 615 1493 et
625 1447 731 1509 spongiis
741 1463 785 1496 ax·
817 1445 891 1496 luisse
904 1447 1044 1508 Berglerum
1059 1443 1138 1498 video,
1156 1443 1199 1504 qui
1217 1440 1325 1504 conjecit
1340 1443 1380 1489 ἐκ·

230 1512 319 1574 pressis
329 1510 438 1558 sicciores
452 1518 478 1558 et
491 1510 626 1566 inaniores;
643 1525 670 1558 ac
682 1510 785 1573 denique
810 1507 879 1558 ’κέας.
913 1510 970 1557 Vim
987 1507 1052 1554 verbi
1066 1503 1381 1577 bsluersexplicatzl'oup.

228 1574 439 1635 indisciplinatum
450 1573 623 1622 censuassidui
632 1587 686 1620 esse
695 1575 784 1636 volunt,
816 1571 924 1620 adSuid
932 1570 1167 1620 nassamones*
1196 1569 1227 1616 In
1246 1575 1322 1614 testas
1338 1568 1381 1614 ed.

229 1637 286 1686 licet
297 1652 412 1702 pauperes
425 1636 547 1698 proletarii
565 1644 607 1684 sut
622 1636 694 1684 etiem
705 1637 782 1700 capite
815 1635 852 1684 Fl.
864 1636 920 1684 Chr.
930 1635 1015 1696 legitur
1037 1633 1096 1680 male
1115 1633 1150 1682 Ob
1168 1633 1287 1686 κεαστῶν,
1310 1638 1335 1678 et
1352 1631 1379 1678 iu

229 1702 316 1750 censi..
343 1699 397 1748 Hoc
407 1701 515 1760 ineptum
525 1715 601 1760 genus
612 1700 734 1746 hominum
747 1701 783 1746 in·
814 1713 888 1760 marg.
900 1715 938 1760 γρ.
956 1698 1007 1746 obs
1027 1697 1066 1758 ἐᾷς
1083 1698 1139 1744 τῶν.
1172 1694 1223 1755 Ap.
1234 1693 1339 1740 eundem
1354 1694 1380 1742 in

228 1765 355 1814 solentium
369 1771 395 1810 et
409 1761 530 1822 ἀλαζόνων
540 1769 655 1824 quantum
665 1763 723 1810 mihi
733 1762 781 1810 dis-
814 1776 886 1822 marg.
896 1765 969 1810 1093.
979 1777 1017 1820 γρ.
1029 1757 1138 1820 τετράκις
1147 1757 1176 1806 rb
1186 1759 1278 1815 ἥδομαι.
1291 1757 1381 1804 Drnn.

228 1829 337 1890 plicaret,
349 1842 396 1874 non
407 1827 473 1889 potui
484 1826 541 1888 quin
552 1826 607 1872 huic
617 1827 705 1873 chartus
717 1841 781 1874 com·
815 1824 949 1874 εὖκεκστῶν
967 1823 1044 1884 ξύλων
1062 1823 1167 1876 Florens,
1187 1820 1340 1868 Doederlein.
1354 1823 1380 1868 in

229 1892 357 1946 mitterem,
372 1897 423 1939 tum
434 1899 460 1936 ut
468 1889 575 1950 juniores
589 1889 619 1936 ab
634 1891 741 1951 exemplo
758 1900 784 1938 et
815 1889 862 1934 den
881 1887 969 1934 Philol.
979 1887 1108 1948 Beitragen
1122 1900 1165 1932 sus
1184 1885 1228 1930 der
1236 1883 1351 1931 Schweiz
1363 1885 1381 1930 i.

228 1953 346 2017 ejusmodi
355 1951 494 2016 κακοζηλίᾳ,
506 1954 526 2000 si
536 1962 782 2015 possem,sverterem,
815 1965 840 2011 p.
850 1954 907 1998 24⁷.
923 1951 966 1998 οὐκ
984 1951 1025 2012 ἐᾷε
1037 1949 1135 1996 Kustor.
1147 1947 1229 1997 ἐκκέας
1238 1951 1287 1996 τῶν
1296 1947 1381 2008 ξύλων

227 2025 276 2065 tum
297 2027 325 2065 ut
346 2017 425 2064 animo
445 2017 541 2066 tandem
562 2031 653 2062 morem
678 2032 783 2078 gererem
816 2013 1144 2062 Cotl.Rsv.VenetD1un.

226 2097 289 2136 meo,
316 2081 459 2143 indignitate
480 2081 550 2128 elium
571 2087 700 2140 pennotus,
728 2096 783 2128 cum
848 2081 921 2126 1100.
938 2075 1062 2126 δανότατα.
1094 2074 1231 2139 Hesychius
1251 2075 1379 2136 interpre-

227 2144 372 2192 meminerim
400 2144 502 2190 sciolum
527 2142 654 2204 quemdum
679 2158 710 2190 ex
736 2143 783 2192 ists
814 2146 879 2188 tatur
895 2141 994 2188 densum
1013 2147 1038 2188 et
1056 2140 1141 2186 ustlle:
1161 2148 1218 2201 pulo
1233 2137 1381 2199 quasdem

226 2216 306 2269 gente,
322 2208 422 2268 posthac
433 2205 493 2254 mihi
504 2206 596 2268 gravius
605 2205 780 2266 appellandum,
813 2210 851 2249 est
868 2202 952 2252 salsas:
981 2204 1030 2252 Sed
1047 2203 1207 2256 Callimachus
1228 2201 1293 2248 dixit
1314 2203 1382 2252 dash

226 2269 298 2318 etism
309 2269 447 2316 doctissimo
457 2269 516 2330 viro,
533 2268 653 2314 Hadriano
663 2269 780 2324 Tumebo‚
797 2273 799 2278 ’
812 2265 873 2325 ξύλα
883 2265 975 2330 sedum,
986 2268 1002 2314 i.
1014 2265 1072 2328 ξηρὰ
1081 2265 1174 2326 σχίσει.
1199 2265 1263 2312 Nam
1272 2272 1301 2312 et
1312 2267 1381 2314 Ero·

225 2332 283 2380 olim
304 2332 338 2378 ita
358 2332 507 2392 imposuisse,
527 2338 554 2378 ut
573 2345 587 2378 s
608 2331 780 2392 simplicissimo
814 2329 890 2378 tisnus
902 2331 1116 2390 Lexiconotat‚sic
1125 2329 1297 2390 Hippocratem
1306 2345 1381 2376 usur-

225 2395 275 2441 viro
295 2409 397 2455 vereque
417 2395 528 2440 Romano
548 2394 684 2455 poenitenda
703 2395 781 2456 elogia
812 2407 884 2454 passe
895 2392 987 2455 κεόσω,
1002 2395 1019 2444 i.
1031 2391 1124 2455 σχίσαι.
1157 2394 1221 2448 Quin
1237 2392 1381 2442 Hom.0d.

225 2458 357 2506 extorserit.
381 2457 430 2506 Sed
438 2459 468 2504 de
480 2456 518 2504 liis
528 2455 594 2504 alias.
618 2456 656 2504 Ne
668 2459 779 2505 lectorem
811 2462 840 2506 0.
849 2457 910 2505 dixit
930 2455 969 2506 διά
989 2475 1016 2505 τε
1035 2457 1094 2517 ξύλα
1112 2455 1169 2506 δεινὰ
1188 2453 1298 2504 κεάσσαι.
1332 2458 1380 2504 Sic

222 2521 331 2582 pluribus
352 2535 441 2582 morer,
462 2519 665 2581 manuscriptionis
690 2521 779 2568 auxilio
812 2521 876 2567 enim
886 2522 949 2584 lego.
961 2537 1016 2576 non,
1028 2531 1055 2568 ut
1064 2520 1133 2581 vulgo
1144 2519 1298 2580 legituredit.
1309 2519 1380 2567 Her-

223 2583 353 2634 destitutus
373 2584 478 2646 confugi
488 2584 518 2630 ad
538 2583 704 2646 conjecturam,
726 2601 780 2646 quse
813 2598 866 2646 vag.
884 2581 1284 2646 p.180.asaeelrra.Fu.Cnr.
1303 2583 1378 2632 osvo-

224 2648 283 2694 mihi
304 2649 342 2695 hic
361 2647 414 2696 visa
432 2655 467 2694 est
485 2645 661 2709 eboroxordrn,
684 2654 709 2694 et
727 2649 779 2698 acis
811 2649 943 2698 roraCod.
955 2648 1010 2696 Vat.
1022 2648 1163 2696 PehPorrs.

224 2711 312 2760 ruentis
328 2719 393 2758 recte
408 2712 559 2758 collineasse.
592 2709 630 2756 Ex
640 2709 715 2757 tribus
728 2727 778 2760 ver·
846 2715 918 2760 1101.
935 2710 1124 2772 ἐκσεσωρενμένα
1138 2716 1232 2758 rectene
1250 2725 1282 2758 sn
1302 2725 1380 2758 secum

224 2776 260 2822 bis
271 2776 315 2823 οὐκ
325 2777 431 2838 iqissais,
442 2789 496 2835 ques
506 2774 568 2820 male
581 2773 780 2830 dissecuerunt,
812 2789 826 2818 o
841 2774 941 2822 scholiis
959 2775 1000 2822 hic
1018 2790 1043 2821 re
1063 2774 1175 2836 osuer'sm,
1193 2773 1235 2820 alii
1251 2773 1381 2836 judicent.

221 2837 270 2886 feci
288 2838 429 2892 εὖκεαστΐνν,
451 2835 515 2898 quod
534 2835 657 2897 epitheton
678 2843 714 2882 est
732 2841 781 2886 τῶν
813 2835 885 2884 Certe
903 2791 1082 2899 ἐκπεπιεσμιξα,
1102 2837 1167 2900 quod
1186 2837 1322 2898 legebatur,
1343 2839 1378 2884 ab

222 2900 307 2960 ξύλων.
341 2900 436 2946 Mutari
445 2907 536 2946 tentum
556 2899 658 2960 priorem
677 2899 779 2948 litteram
811 2899 937 2962 Aristoph.
956 2903 1090 2962 proiectum
1110 2917 1159 2948 non
1178 2915 1242 2954 esse,
1265 2909 1377 2948 taetrum

223 2965 302 3019 sins,
315 2963 356 3024 qui
366 2963 444 3010 facilis
454 2971 478 3010 et
487 2963 596 3023 frequens
606 2963 695 3014 lapsus.
715 2963 779 3015 Nam
812 2963 908 3010 evincit.
927 2964 1010 3014 Drss.
1049 2964 1110 3014 coa
1123 2963 1322 3011 RauetVenet.
1335 2967 1379 3012 ἐκ·

224 3044 236 3074 ε
246 3026 407 3090 majusculum,
427 3027 452 3072 in
469 3024 612 3074 semicirculi
630 3025 729 3072 formam
747 3030 778 3076 ab
811 3026 964 3089 sresrptrrpe'sn.
974 3027 1127 3077 Ahlwardtus
1137 3025 1236 3089 conjicit
1246 3023 1273 3074 ed
1284 3045 1315 3074 τε
1324 3046 1378 3075 τε·

221 3090 326 3152 sntiquis
341 3089 500 3151 designatum,
518 3088 630 3136 fefellerit
647 3091 776 3152 exscripto·
811 3090 932 3152 πρισμένα.
952 3091 992 3138 In.
1037 3092 1093 3140 Om.
1114 3087 1288 3148 ἐκπεκκσμένα
1310 3092 1379 3138 eod.

223 3168 281 3200 rem.
314 3153 441 3208 Quomodo
457 3153 482 3200 in
497 3152 711 3214 epistolaquadam
722 3153 778 3202 Ari-
811 3153 1020 3202 VatPshPoas.

223 3217 317 3264 nsueti
338 3215 367 3276 [i.
379 3215 430 3276 lta]
441 3215 553 3272 ἐπιμελὴς
572 3215 599 3262 οὐ
618 3213 713 3277 πρέπον,
737 3233 779 3276 pro
844 3222 916 3266 11⁰3.
932 3217 1024 3274 cirre
1040 3216 1129 3278 papis·
1161 3215 1296 3278 Antiquam
1318 3233 1377 3266 rus-

224 3279 351 3342 εὐπρεπῶν.
384 3279 426 3326 Est
443 3288 522 3326 autem
540 3277 675 3334 εὒκεαστὸν,
696 3281 778 3340 eduxi·
810 3279 910 3328 cicorum
928 3280 1048 3330 εὑτέλεισν
1068 3281 1160 3343 laudat,
1178 3279 1222 3339 qui
1244 3279 1325 3328 cicere
1351 3289 1379 3328 et

223 3342 282 3392 στον
299 3342 777 3406 (sicvmnigeSutmmettlesychtum),
811 3343 897 3402 glande
909 3345 989 3406 fagina
998 3345 1148 3400 victitabant.
1180 3344 1273 3392 Tamen
1285 3359 1329 3404 per
1340 3345 1376 3392 lc-

222 3407 292 3468 ξηρὸν
308 3415 334 3454 et
352 3407 465 3454 εὔκαστον
481 3407 521 3452 vel
537 3403 648 3454 εὒκέατον
665 3406 734 3467 (nam
750 3424 777 3454 u·
808 3421 896 3466 gersen
916 3407 1041 3467 ἐρέβινθον,
1060 3415 1085 3454 et
1102 3423 1145 3468 per
1162 3408 1270 3457 arborem
1290 3407 1378 3468 fsgurn

223 3478 331 3530 mumque
342 3469 440 3529 dicitur)
451 3478 477 3516 ut
492 3485 531 3532 sp.
543 3470 644 3516 Theocr.
654 3470 696 3516 sub
706 3471 778 3518 finem
810 3467 932 3518 obscenis
949 3481 1028 3532 partes
1043 3471 1164 3532 intelligit.
1197 3469 1260 3516 Nam
1280 3471 1377 3532 ἐρέβιν-

224 3532 335 3578 Herculis
351 3531 486 3590 Leonicidae
505 3533 573 3594 [xxv.
587 3533 669 3594 2484:
692 3535 778 3594 ἐρινεοῦ
811 3535 850 3580 θος
861 3535 933 3582 etiam
943 3543 979 3580 est
991 3533 1075 3586 siioiur
1088 3533 1166 3594 [Nub.
1178 3533 1282 3594 1386.],
1290 3543 1316 3580 et
1326 3534 1376 3589 βά-

223 3593 353 3644 ιὺκεάτοιο.
393 3595 477 3656 Itaque
498 3595 564 3656 ligna
585 3593 700 3644 statmo
721 3606 778 3644 sunt
810 3604 890 3652 λανος,
903 3613 954 3660 qure
966 3599 1037 3646 estin
1048 3598 1121 3658 fugis,
1136 3595 1289 3644 nonrecedit
1301 3599 1377 3646 abes

224 3657 396 3717 ssrosadorpo,
404 3673 457 3718 qum
468 3657 605 3719 Hesychius
616 3669 686 3706 vocat
697 3658 775 3708 ἄθνιαι
811 3667 886 3720 parte.
921 3660 986 3717 Quin
1004 3668 1064 3708 teste
1080 3660 1175 3710 Gelono
1187 3658 1311 3721 ἐρέβινθοι
1322 3662 1376 3708 Ve-

222 3738 278 3785 quae
299 3723 341 3770 alii
362 3717 475 3779 κάγκανα,
498 3720 578 3767 Latini
599 3725 687 3782 cocula,
711 3724 778 3772 Suid.
810 3738 890 3770 nerem
899 3726 989 3772 excitat
997 3732 1114 3773 etsemen
1125 3734 1234 3784 generat.
1250 3723 1377 3772 Aitenim

221 3786 288 3836 κᾶλα
311 3783 448 3836 considero.
489 3783 550 3831 Nam
576 3785 651 3833 κᾶλον
676 3787 777 3849 liguum,
809 3786 927 3848 ἐπεγείρει
945 3787 984 3836 καὶ
1004 3787 1046 3838 τὰς
1064 3787 1120 3851 πρὸς
1141 3784 1270 3836 συνουσίας
1288 3788 1378 3850 ὁρμὰς,

223 3846 616 3904 ιιηάεόαὶοκεεςυιιᾱεκαλόπονς,
642 3851 778 3909 ertignem.
809 3849 991 3910 πεπιστευμένος
1002 3851 1089 3912 lipari
1100 3850 1140 3899 καὶ
1160 3849 1300 3913 σπέρματος
1314 3851 1379 3902 εἶναι

224 3914 256 3961 Et
266 3911 371 3962 fortassis
380 3911 450 3960 satu
460 3911 525 3966 inde,
534 3912 602 3972 qussi
610 3864 776 3972 oiirssfdhtron
805 3914 954 3972 γεννητικὸς,
977 3915 1018 3964 lib.
1037 3916 1055 3963 i.
1074 3917 1105 3962 de
1127 3914 1202 3962 Atim.
1236 3915 1298 3972 Quo
1319 3916 1379 3964 loco

222 3977 282 4040 quin
297 3983 323 4023 et
337 3973 444 4034 καλάμην
462 3977 492 4023 ab
510 3975 594 4024 eadem
610 3975 699 4032 origine
718 3985 777 4038 puto
810 3977 980 4042 distinguerem
995 3978 1074 4040 potius
1095 3986 1150 4052 post
1167 3979 1379 4043 messoribus,

223 4043 266 4096 'rtis
277 4039 389 4089 καύσεως.
401 4039 445 4088 Fr..
454 4039 523 4086 Cen.
555 4039 606 4086 Οὐκ
622 4040 661 4102 ἐᾷς
678 4055 777 4103 corrup·
809 4041 959 4103 legsremque
973 4042 1139 4090 adverbialrter
1157 4051 1201 4092 aut
1217 4044 1330 4092 delerem
1345 4043 1380 4094 rb

208 4111 285 4166 'tum2
304 4111 332 4152 ut
347 4109 374 4150 et
391 4103 432 4150 alii
445 4103 496 4165 jem
509 4103 629 4165 uiderunt.
662 4103 728 4166 Lego
738 4106 777 4154 ἐκ·
809 4105 851 4164 τῷ.
878 4105 1037 4166 Βὶκίμιιέοκι
1047 4104 1195 4167 ἂνθρακίζειν
1205 4122 1250 4168 pro
1260 4107 1381 4172 φρύγειν,

222 4165 285 4216 sior.
318 4166 523 4230 Hesychisrsios·
536 4164 659 4215 ἐκκαύσας.
685 4168 776 4216 Itaau·
810 4167 827 4214 i.
839 4174 936 4224 torrere,
952 4171 1015 4218 unde
1027 4169 1124 4232 fruges,
1142 4177 1169 4216 et
1178 4171 1294 4219 similiter
1305 4173 1382 4222 auoit

223 4239 273 4278 tem
290 4229 323 4276 ibi
340 4229 473 4290 legendum,
493 4245 541 4276 non
558 4229 659 4285 ἐκκαίακ,
679 4240 705 4278 ut
720 4232 777 4280 ordo
810 4231 951 4294 ἐμπορεύειν,
968 4241 994 4282 ut
1008 4234 1108 4288 scilicet.
1126 4248 1181 4282 cum
1194 4235 1382 4287 siccaesitase·

223 4307 307 4340 vocum
317 4292 415 4340 iudicat.
448 4292 777 4354 AEsclrylusiuhgsmess.
809 4295 866 4351 rint,
884 4296 1058 4344 adhibendum
1079 4297 1149 4360 proni
1168 4297 1227 4354 sint,
1245 4308 1384 4362 rrtpostea

222 4356 276 4416 licor
298 4353 392 4404 κέαντες
414 4354 564 4415 ἣτεμόντεε.
597 4356 693 4406 Bisetus
714 4360 778 4422 apud
810 4360 1055 4422 equitatuum.
1384 4361 1404 4370 “
