2872 4916
46 382 78 438 1.
95 375 252 451 sio-usu]
388 373 810 437 ΘΕΣΜΟΦΟΡΙΑΖΟΥΣΛΙ.
1105 383 1160 448 ott

40 535 124 591 ’νεστη
139 551 192 598 que
212 537 235 582 in
253 534 344 582 duobus
362 535 440 583 Codd.
458 535 586 600 depravatu
617 540 736 582 tonsorem
747 535 828 596 Enrip.
843 531 928 582 Bane.
984 577 987 581 .

44 609 77 646 eet
93 599 162 648 διδόν’
173 600 258 650 ἔνεστι.
270 601 389 648 Bnuncn.
406 599 464 659 ἡμὴ
474 601 585 650 ’πιδοῦναι
649 602 705 646 227.
720 599 765 655 τὴν
779 597 921 660 ἡμίκραιραν.
950 598 1008 648 Loci
1026 600 1094 665 hujus
1110 616 1161 653 ma·

41 663 244 723 'puvrerawem
256 665 328 712 Misc.
340 665 435 726 Cricp.
447 670 502 714 324.
514 666 584 712 Kust.
619 661 686 708 minit
706 663 772 710 Suid.
793 680 817 709 1.
838 663 964 726 ἡμίκραιρα,
982 665 1023 712 ubi
1038 681 1081 714 noa
1097 668 1161 717 vide.

41 729 167 775 assentitur
176 737 202 775 et
212 729 308 776 Dawes.
322 727 508 776 emendationem
517 730 585 790 inep·
616 725 737 789 ἡμίκραιρα
748 733 835 788 autern,
852 728 915 790 quod
930 729 1022 791 proprie
1038 733 1162 782 dimidium

41 793 128 840 tissime
144 792 224 854 rejicit
245 793 344 839 Dorvill.
364 793 395 838 ad
416 792 539 840 Chariton.
560 807 585 854 p.
617 797 686 853 copul
706 793 770 854 epud
788 792 880 856 Atticos
896 794 1028 848 notet-hic
1046 795 1163 858 significat

41 860 94 904 503.
114 857 192 904 Pons.
231 857 380 912 Quintilium
398 865 442 912 est,
461 857 585 904 correctio·
617 853 810 902 ulterrm'malam
828 857 879 903 sive
895 871 987 917 genam.
1021 857 1162 909 Deresione

41 937 91 967 nem
111 921 224 976 invenire,
242 921 257 978 ἡ
276 920 309 980 μὴ
329 919 448 969 ’nibridius
471 921 496 981 γ’
516 921 586 970 αὑτὸν
617 919 680 966 euim
696 919 782 974 burbae,
798 920 1162 981 ooooapitiecomicushiclo·

41 985 133 1046 ὤφελόν
150 1000 217 1047 ποτε,
233 985 400 1048 quamdudum
412 993 513 1032 anteme
532 1001 584 1046 pro·
618 983 705 1045 quitur.
716 982 796 1031 Kusu.
823 984 1161 1050 11111111110111111ἡμ1κρανα,

39 1050 120 1111 posuit
135 1049 175 1096 Jo.
185 1049 263 1113 Toup.
276 1049 377 1098 Emend.
397 1051 426 1096 ad
443 1049 501 1096 Hes.
511 1049 541 1096 P.
552 1049 586 1097 iii.
618 1063 669 1110 quae
689 1047 750 1094 idern
768 1049 892 1110 significat,
906 1049 969 1110 quod
978 1049 1108 1116 ἡμίκραιρα.
1119 1069 1162 1100 ex.

41 1113 233 1176 1150311116.
618 1111 702 1172 ponit:
719 1111 895 1173 ἡμικεφάλαιον,
910 1113 1019 1172 σιαγόνος
1036 1115 1065 1162 rb
1082 1117 1161 1174 ἥμισυ.

70 1183 129 1228 219·
152 1175 243 1239 xtioto
261 1193 301 1236 ηε.
334 1176 425 1226 Locum
441 1178 504 1224 hunc
522 1177 586 1226 vocis
618 1174 1161 1242 Ceterum,‘si,’utHorat.dicit‚‘ourtetusin-

40 1241 150 1303 ξυροδύκη
167 1243 241 1304 gratia
257 1243 316 1289 citat
329 1241 417 1289 Pollux
432 1257 453 1288 x.
465 1245 519 1290 lto.
539 1243 585 1290 Ce·
618 1239 703 1300 aequuh'
722 1249 813 1287 tonsore
834 1241 933 1302 capillos
951 1256 1056 1306 occurro,
1076 1245 1164 1305 rides3’

41 1317 113 1352 terum
127 1309 151 1353 in
169 1307 273 1353 editione
283 1305 359 1352 Paris.
370 1321 412 1368 pro
423 1307 514 1368 χρὴαον
524 1307 585 1353 mele
618 1314 706 1364 quanto
723 1305 797 1366 megia
807 1305 902 1360 ridebis,
914 1306 935 1352 si
951 1306 993 1353 tibi
1004 1319 1109 1355 occurret
1120 1312 1164 1358 nli·

39 1371 125 1432 legitur
145 1369 260 1432 χρηστόν.
278 1369 360 1416 Kusn.
386 1369 448 1418 Edo.
466 1370 545 1418 Farrei
561 1379 587 1418 et
618 1367 670 1430 quis
691 1366 835 1432 ἡμιξύρητος,
855 1369 1001 1424 semitonsis,
1018 1379 1045 1418 ut
1062 1373 1122 1432 iste,
1137 1383 1163 1422 et

38 1435 112 1481 Brub.
123 1433 215 1496 χρῆσίν
225 1453 256 1491 τι,
269 1449 317 1480 non
325 1433 395 1482 male.
406 1435 490 1482 Bane.
618 1431 750 1492 Diogenes.
760 1435 823 1494 apud
843 1433 919 1482 Laert.
938 1433 1022 1483 Bane.
1048 1438 1093 1495 τὴν
1109 1437 1163 1499 ἡμί-

68 1503 128 1548 220.
154 1501 181 1547 ἐκ
201 1502 244 1558 τῆς
265 1498 394 1560 lupoldum.
434 1499 501 1546 Male
522 1500 585 1561 apud
618 1512 712 1558 κραιραν
731 1495 776 1554 τὴν
795 1496 876 1561 ἑτέραν
899 1498 971 1560 ψιλὴν
993 1498 1063 1561 ἔχων,
1088 1503 1164 1552 ultera

38 1562 381 1626 Ρο1111ω.140.ξυροὸύχης.
404 1562 467 1610 Vide
478 1564 586 1611 Eustath.
619 1566 710 1610 tontum
733 1562 831 1610 monitio
861 1577 924 1611 roeo.
966 1563 1013 1612 Sed
1035 1565 1164 1626 depravata

37 1628 67 1673 ad
84 1627 162 1674 Hom.
179 1644 202 1689 ρ.
216 1633 269 1676 130.
287 1641 400 1676 extreme.
420 1629 537 1675 Brunca.
561 1629 587 1676 J.
618 1625 956 1690 estnpudLexic.scripture.
976 1628 1022 1676 Vel
1032 1630 1095 1677 enim
1111 1630 1163 1692 ἡμί·

37 1691 212 1742 pullarium.
229 1690 280 1749 ἡδὲ
290 1690 356 1750 θήκη,
367 1691 488 1755 ξυροθὴκη,
498 1691 513 1749 ἡ
522 1695 585 1755 ξυρο-
618 1707 701 1752 κρονον
720 1690 853 1752 legendum,
871 1693 908 1738 vel
926 1689 1056 1755 ἡμίκραιρα,
1076 1701 1103 1741 111
1121 1699 1163 1744 ha·

37 1755 94 1813 δόκη
115 1756 179 1818 παρὰ
195 1755 357 1819 Ἀριστοφάνει
374 1758 488 1806 καλεῖται,
522 1757 585 1820 Lege
618 1753 675 1800 bent
685 1754 777 1801 Polluc.
791 1754 868 1802 codd.
879 1757 912 1802 vi.
924 1760 979 1806 160.
991 1757 1032 1806 ubi
1041 1758 1162 1822 vulgatum

34 1819 49 1876 ἡ
70 1821 193 1882 ξυροδόκη.
228 1821 265 1867 Ita
275 1821 291 1878 ἡ
302 1823 428 1883 legendum
438 1821 501 1882 apud
514 1821 586 1882 Diog.
618 1818 691 1864 etiam
702 1816 822 1878 ἡμίκρανα.
834 1819 952 1868 Bnuncn.

34 1885 118 1934 Laert.
129 1887 173 1933 vii.
187 1888 240 1933 110.
249 1885 289 1932 ubi
298 1887 378 1948 uulgo,
391 1889 442 1934 ἔστι
454 1883 478 1933 δὲ
489 1885 546 1934 otro
557 1885 586 1933 rb
650 1886 706 1948 231.
723 1884 761 1941 μῦ,
773 1885 814 1942 μῦ.
831 1883 856 1930 τί
870 1882 963 1944 μύζειςς
982 1888 1014 1944 μῦ
1024 1893 1060 1934 est
1069 1889 1163 1950 ploran-

34 1949 110 2000 πάθος
120 1949 136 2008 ἡ
145 1949 242 2008 onmes.
251 1949 330 1997 Pons.
619 1945 658 2000 lis.
669 1954 696 1994 ut
707 1946 766 2008 qu.
778 1952 817 1995 10.
828 1962 842 1994 e
853 1963 899 2010 quo
909 1946 996 2008 μύζειν,
1007 1961 1033 1997 ut
1043 1951 1077 1998 ait
1092 1951 1162 2001 Suid.

65 2020 126 2064 221.
143 2012 230 2074 κάθιζε.
249 2011 290 2060 'Ad
298 2013 484 2070 Mnesilochum,
495 2022 522 2060 ut
531 2029 586 2062 eum
608 2011 682 2058 'hunc
695 2011 770 2058 locum
782 2012 866 2071 citans,
882 2013 906 2059 id
924 2021 960 2060 est
974 2015 1005 2074 μῦ
1015 2015 1102 2077 dicere,
1112 2022 1163 2064 ute

31 2081 144 2128 tondeat.
155 2079 241 2126 Bane.
619 2076 664 2135 φεῦ
688 2074 781 2136 φεύζειν
801 2076 865 2138 apud
886 2077 969 2126 AEsch.
989 2079 1013 2124 in
1039 2077 1184 2144 Agamem.⁸

64 2149 126 2193 222.
152 2145 250 2203 ἐμβαλῶ
260 2151 298 2190 σοι
308 2141 440 2192 πάτταλον.
466 2141 586 2204 Interpre·
620 2141 818 2201 1340.φεύ,ρεῦ.
837 2139 889 2196 heic,
906 2141 968 2191 heu!
991 2143 1078 2190 deinde
1096 2145 1164 2209 alter,

30 2208 167 2269 tesjocum
176 2207 261 2256 comici
271 2209 308 2254 hic
318 2223 367 2254 non
378 2207 511 2254 subodoruti
523 2214 586 2256 sunt.
619 2203 642 2250 τί
663 2205 726 2252 τοῦτ’
748 2204 859 2266 ἔφευξαςὶ
883 2221 924 2254 cnr
944 2207 979 2254 tie
999 2207 1043 2255 beu
1063 2209 1166 2258 1111110111

31 2273 144 2319 Obsceni
165 2271 228 2319 euim
246 2271 334 2334 ahquid
347 2271 373 2317 in
383 2273 422 2317 his
431 2273 509 2318 verbis
519 2272 586 2326 latet,
619 2267 657 2315 Ite
668 2268 729 2316 enim
738 2269 772 2316 ibi
784 2269 928 2316 vertendum.
960 2270 1027 2321 Istud
1035 2269 1114 2332 μύζειν
1123 2289 1163 2321 oc.
1255 2305 1261 2324 ,

29 2337 100 2397 quod
117 2337 196 2398 pudor
214 2337 418 2398 explicareuetat.
451 2336 539 2384 Confer
551 2337 585 2383 in·
619 2332 692 2379 currit
702 2341 726 2379 et
736 2333 762 2379 in
774 2334 994 2382 AEochsEumenid.
1008 2340 1063 2384 189.
1082 2334 1165 2396 μύζου·

28 2402 103 2446 terim
123 2401 192 2447 Eccl.
211 2404 282 2448 1012.
300 2400 340 2448 ubi
360 2398 482 2448 ndr'ruhos
498 2414 541 2462 pro
559 2417 586 2448 ea
619 2395 1165 2458 orvotmrooto‚lamentnntormirentur.Hinc

28 2476 101 2526 parte
119 2465 226 2526 corporis
243 2465 348 2520 sumitur,
366 2471 415 2527 'qua
434 2465 477 2510 viri
499 2463 586 2512 suiuus.
619 2461 688 2508 etiem
697 2460 817 2521 μοχθίζειν
827 2463 888 2524 opud
899 2463 999 2510 eundem
1009 2465 1033 2510 in
1045 2464 1164 2512 Prometh.

26 2530 115 2576 Kusr.
150 2529 182 2576 In
204 2545 239 2582 os,
259 2530 361 2591 inquam,
383 2536 410 2576 ut
420 2529 491 2590 coqui
509 2529 587 2576 solent
619 2524 1089 2592 1411111α1κέκραγαςκᾰναμιχ111η,
1105 2535 1166 2579 otto
1221 2559 1231 2576 .

27 2596 124 2655 porcis.
143 2594 175 2640 V.
184 2593 264 2654 Equit.
275 2609 298 2638 1.
308 2597 363 2642 eto.
383 2593 422 2640 Ne
434 2593 486 2655 quis
498 2593 535 2640 hio
544 2595 587 2640 ali·
619 2604 701 2638 rursus
726 2591 861 2650 vociferaris
886 2598 911 2640 et
932 2595 1076 2641 mentitoris.
1118 2593 1166 2642 Ubi

28 2661 90 2721 qnid
103 2659 201 2706 obsceni
211 2658 307 2718 cogitet.
320 2657 404 2704 Bene.
620 2655 708 2702 scholia
719 2655 750 2702 ad
760 2654 928 2719 κᾶναμνχθιζρ,
944 2658 1012 2705 rotis
1029 2659 1107 2718 φωνῆς
1126 2657 1165 2707 κα1

63 2728 126 2772 223.
146 2721 256 2770 ἄτταταί.
290 2721 324 2768 Ut
343 2722 368 2768 in
384 2721 446 2784 qu.
460 2726 481 2770 l.
495 2721 587 2769 Burro.
619 2721 753 2778 στεναγμοῦ
774 2719 840 2769 εἶδος.
872 2719 948 2768 Aliud
968 2722 1040 2770 etiem
1067 2729 1103 2769 est
1123 2721 1166 2782 μύ-

25 2785 180 2836 ἆτατταταί.
208 2785 279 2843 Quod
298 2787 379 2833 Bentl.
401 2795 426 2832 et
446 2785 539 2833 Jortino
559 2787 586 2834 in
620 2780 675 2841 ζειν,
702 2786 748 2831 uod
762 2785 878 2848 significat
893 2801 992 2847 sugere:
1010 2785 1076 2834 aliud
1095 2785 1165 2834 etium

25 2851 193 2913 Philologicel
205 2852 295 2906 Tructs,
306 2851 330 2896 ii.
344 2867 368 2911 p.
379 2855 419 2899 03.
435 2850 586 2918 scribendum
618 2799 936 2913 μοχθὴεινῃὸμυκτηρίζειν,
941 2847 1074 2911 χλευάζειν.
1081 2851 1166 2900 Bene.

23 2917 164 2964 videbatur
174 2914 290 2969 ἷάττοσιιι,
306 2915 453 2962 confirmavit
463 2914 526 2961 11111.
548 2915 586 2963 01.
621 2911 660 2959 Cf.
674 2913 778 2976 Etpmol.
792 2915 830 2962 M.
843 2931 867 2975 ρ.
877 2919 932 2971 503,
945 2919 984 2963 38.
998 2915 1077 2962 Drun.
1101 2915 1165 2978 Lege

21 2981 95 3028 infra
108 2985 183 3029 1005.
620 2973 714 3036 μύζε1ς;
731 2976 816 3032 πάντα.
833 2979 915 3026 Bunr.
934 2977 959 3027 ri
976 2977 1070 3040 μύζειςς
1089 2978 1167 3028 πάντα
1217 3010 1220 3022 ·

61 3049 127 3094 224.
144 3042 214 3094 οὗτος
225 3041 384 3102 σὺ,τοῖθεῖς;
403 3043 438 3091 111
448 3043 522 3106 Vesp.
531 3049 586 3093 300.
620 3041 744 3100 πεποίηται
755 3046 841 3092 καλῶς.
873 3044 933 3090 Sunt
953 3043 999 3091 ista
1020 3045 1099 3092 omnia
1119 3045 1168 3094 Eu-

23 3111 123 3158 Bene.
141 3109 175 3158 εἷς
185 3108 214 3157 rb
224 3111 272 3158 τῶν
282 3112 372 3170 σεμνῶν
382 3111 447 3156 θεῶν.
480 3109 515 3156 Ut
531 3125 587 3171 sup·
619 3105 666 3168 n'p.
680 3107 765 3154 tributa
788 3108 814 3154 in
842 3108 903 3155 Cod.
927 3115 998 3155 recte.
1025 3107 1167 3158 Distinctio-

21 3176 92 3236 plex
103 3175 215 3220 nimirum
227 3175 346 3221 etmalum
357 3171 453 3234 aliquod
464 3173 588 3222 imminens
620 3185 676 3217 nem
687 3173 748 3218 hanc
760 3171 872 3219 Zanettus
882 3188 895 3217 e
907 3173 1030 3219 manifesto
1039 3173 1085 3220 loci
1097 3187 1168 3220 sensu

19 3239 142 3300 effugere
154 3239 263 3286 studens.
284 3237 407 3300 Supplices
417 3237 481 3284 enim
492 3238 587 3285 adtem-
621 3235 719 3290 invexit,
740 3251 809 3298 quam
830 3243 922 3282 servant
940 3235 1013 3282 altera
1030 3235 1124 3285 Veneta
1143 3243 1169 3284 et

15 3305 100 3365 plum
112 3303 274 3350 Eumenidum
285 3317 329 3350 scu
340 3302 588 3350 Furiarumolimcon-
622 3299 722 3346 minores
745 3299 852 3348 Batavae.
889 3299 964 3346 Basil.
986 3313 1079 3362 pravam
1099 3300 1168 3348 Juot.

13 3368 118 3431 fugere
138 3367 257 3428 solebant,
274 3378 302 3414 ut
316 3367 430 3414 adversus
439 3365 486 3412 vim
498 3369 540 3414 tuti
552 3365 588 3414 e's-
621 3361 796 3418 distinctionem
805 3365 962 3418 retinuerunt,
974 3378 1032 3426 quas
1043 3365 1093 3411 sine
1103 3365 1168 3428 judi·
1246 3401 1249 3406 .

15 3442 96 3479 sent.
126 3431 191 3479 Vide
203 3431 290 3479 ‘Schol
307 3431 337 3477 ed
349 3431 408 3492 qu.
425 3430 589 3480 1³09.Kusr.
621 3427 658 3474 cio
680 3437 773 3476 secutus
792 3438 829 3476 est
850 3427 928 3482 Kust,
946 3426 972 3475 τί
988 3425 1067 3488 μύξεις
1087 3429 1170 3492 Ε1111ρ.

13 3495 231 3544 Atheniensibus
256 3495 340 3555 Σεμναὶ
367 3493 416 3545 θεαὶ
449 3495 589 3542 dicebantur
621 3491 699 3541 πάντα
719 3491 842 3550 πεποίημαι
863 3495 941 3540 καλῶς
962 3493 1110 3542 Mnesilocho
1128 3494 1169 3541 tri-

14 3563 169 3622 Erinnyes,
192 3560 276 3621 quibus
296 3577 326 3608 eo
352 3561 448 3608 nomine
475 3559 587 3620 templum
622 3555 1170 3622 11111111.811111.μο,μύζεαίιτὸτοῦμῦταρ·

13 3635 81 3672 erat
105 3626 177 3687 juxta
203 3624 363 3688 Areopagum,
389 3639 436 3686 quo
461 3623 589 3686 supplices,
621 3621 691 3678 ἣκται
706 3621 735 3670 rb
753 3619 840 3683 μύζειν,
860 3623 961 3672 πολλοῖς
979 3621 1061 3672 ἄλλοις
1079 3623 1170 3683 ὁμοίως.

13 3689 237 3753 quemadmodum
261 3687 292 3736 ad
311 3691 359 3736 alia
377 3703 472 3750 quoque
493 3689 589 3750 templa,
622 3683 700 3745 μύζειν
718 3685 745 3734 δέ
762 3688 822 3743 ἐστι,
843 3687 872 3735 rb
890 3689 941 3734 reis
960 3687 1088 3750 μυκτῆρσιν
1107 3687 1170 3749 ἡχαν

13 3754 216 3814 confugiebant.
243 3753 275 3802 V.
288 3752 349 3816 qu.
365 3755 436 3802 1312.
455 3760 481 3799 et
499 3753 590 3800 Meurs.
623 3750 754 3799 itersheim
787 3753 826 3800 Sic
844 3751 873 3798 ab
890 3751 1050 3800 budmirandi
1060 3753 1170 3802 adverbio

13 3819 93 3865 Ath.
111 3818 164 3864 Att.
176 3819 208 3864 iv.
221 3823 243 3866 l.
254 3817 375 3865 Bnuncn.
623 3816 650 3862 fit
668 3812 726 3876 ὄζω,
744 3817 807 3878 quod
818 3817 919 3864 occurrit
928 3817 1002 3879 Vesp.
1012 3822 1069 3866 527.
1085 3833 1170 3880 euxe-

51 3887 128 3932 225.
145 3882 173 3929 ού
183 3882 230 3943 γὰρ
246 3881 279 3942 μὰ
291 3883 336 3940 τὴν
351 3878 464 3946 Δήμητρά
474 3878 498 3941 η)
509 3883 589 3930 ivran-
622 3883 752 3930 τλιαστικῶ
765 3879 1170 3944 1111111110φεο,φεύζωΒεῐς1.111)-
1186 3941 1187 3948 ἵ

13 3951 62 3996 30?
84 3949 163 4005 μενῶ.
208 3947 246 3994 Ita
266 3963 329 3994 nniuc
351 3947 421 4008 vulgo
443 3945 538 4007 legitur,
560 3961 589 3992 ex
622 3954 738 3992 servotum
756 3947 781 3991 in
800 3947 884 3994 AEscb.
901 3945 987 4007 Agam.
1001 3950 1073 3994 1317.
1099 3945 1171 3992 Plura

13 4014 119 4073 Krrst„
133 4021 161 4058 ut
175 4011 285 4072 equidem
297 4012 388 4073 opinor,
400 4010 590 4072 interpolatione:
623 4008 677 4056 vide
693 4010 717 4056 in
735 4009 821 4058 Valck.
840 4011 917 4058 Diatr.
934 4009 1017 4072 Eurip.
1036 4015 1113 4069 [120.
1129 4011 1171 4070 qui

13 4079 130 4124 Jmnes
150 4076 217 4122 enim
232 4077 343 4137 antiquae,
355 4089 413 4136 quas
425 4074 481 4128 vidi,
492 4075 548 4122 edd.
560 4089 590 4134 γε
623 4073 730 4120 Eustuth.
746 4074 911 4130 emendatione
922 4089 969 4120 non
978 4073 1083 4135 indigere
1098 4073 1172 4121 vidie-

18 4147 158 4190 onerant.
192 4139 251 4196 Quis
267 4141 341 4201 igitur
356 4136 472 4202 'reponere
491 4138 590 4196 dubitet,
624 4146 669 4199 set,
687 4139 707 4185 si
724 4154 777 4184 usus
795 4140 877 4186 fuisset
894 4139 933 4186 ed.
950 4137 1068 4193 Romana,
1082 4137 1109 4184 in
1125 4153 1172 4200 qua

13 4208 43 4251 ,ab
57 4203 121 4264 γὰρ
132 4203 167 4264 μα
176 4203 222 4261 τὴν
232 4203 335 4266 Δήμητρ’
351 4203 384 4252 ἔτ’
396 4204 503 4251 ἐνταυθοῖ
510 4203 589 4263 μενῶἓ
624 4203 747 4250 emendate
765 4217 887 4256 excusum,
908 4200 947 4250 καὶ
964 4199 1064 4264 φεύζειν,
1083 4201 1112 4248 τὸ
1128 4204 1173 4264 φεύ

13 4273 60 4319 js.
92 4267 233 4322 Nonum.
258 4271 332 4332 Vesp.
347 4272 420 4317 1433.
437 4267 523 4316 Pousae
539 4267 591 4316 Ad·
625 4265 845 4326 ateanssnoncr.
869 4265 952 4315 πάντα.
970 4267 1015 4314 Ed.
1027 4281 1118 4328 nupero
1128 4269 1172 4316 hoc

13 4349 124 4382 sersus.
144 4351 170 4397 p.
188 4337 229 4382 37.
252 4333 323 4382 Conf.
343 4331 436 4394 Reisig.
454 4332 471 4378 i.
492 4337 590 4395 11254.
625 4332 799 4396 hemistichium
810 4333 891 4378 tribuit
901 4338 955 4379 MN.
968 4347 1015 4378 non
1025 4339 1099 4380 recte.
1115 4331 1173 4380 Far·

13 4402 51 4445 Jr
60 4414 120 4444 ren.
601 4394 605 4402 “
625 4397 660 4444 rei
671 4406 749 4445 autem
762 4404 787 4443 ot
795 4397 870 4444 Brub.
880 4402 925 4444 ΕΤ.
937 4397 1022 4444 Bnae.

45 4466 127 4512 226.
144 4459 295 4523 τεμνόμενος.
313 4459 591 4526 Apparetmalumfuisse
658 4466 714 4511 232.
732 4467 785 4510 ΜΝ.
802 4461 869 4522 οἵμοι.
908 4460 948 4508 Itu
967 4461 1030 4512 Fari.
1052 4470 1077 4510 et
1098 4461 1173 4512 Brub.
