2872 4916
47 389 79 452 v.
93 386 252 468 rer-7614
409 381 834 466 ΘΕΣΜοΦοΡιΑΖοΥΣΑΙ.
867 403 872 426 ³
1115 402 1177 458 roe

46 547 592 617 cujusirequeusiuliclraru.rueutio.llgeba·
626 552 676 602 loru
686 553 769 602 detaut
777 553 845 602 Pois.
855 559 882 602 at
891 552 1005 616 Tyrabit.
1036 552 1177 619 Auprouo·

48 624 82 662 tur
94 615 236 674 inescatum
247 616 393 681 bursarum,
409 634 451 684 seu
461 615 592 666 Autbeste'·
625 632 682 666 meu
690 619 816 681 perpetius
826 617 1018 682 ejiciendumsit‚
1029 618 1120 667 dubitet
1130 621 1177 668 Lo·

46 679 126 726 riorum
143 679 182 727 die
194 677 309 744 secundo,
330 681 371 742 qui
389 681 594 732 vocabaturxder.
626 682 694 730 beck.
706 685 736 730 ad
748 683 900 796 SopiauAl'ac.
911 698 937 746 pr
947 687 1003 733 389.
1013 682 1096 732 Drua-

47 743 104 790 Vide
122 744 213 792 Meurs.
242 743 286 793 Gr.
308 743 363 794 Fer.
390 745 593 809 ὶαἎνθεοτήρια.
658 750 715 796 755.
730 744 758 796 τί
777 747 802 808 γ’
853 747 942 808 μα.Ἰά
968 755 1008 796 est
1024 747 1106 796 vinum
1125 755 1178 797 utre

46 808 171 863 Quotunnis
188 809 361 872 celebrabatur,
379 819 522 874 quapropter
536 812 593 860 aad·
625 818 772 860 contentum.
796 811 878 874 Pergit
889 811 991 864 euimde
1002 818 1054 860 utre
1065 819 1092 860 ut
1101 813 1178 861 intau-
1276 843 1279 850 ι

45 873 227 920 mulatiiulautis
243 889 319 922 anuos
337 873 459 923 sciscitans
476 871 593 940 Muesilo·
626 877 734 939 telequi.
745 875 826 924 Kusr.
870 875 999 941 luLysist.
1016 877 1057 925 ubi
1068 877 1179 926 mulieres

45 939 96 984 chus
105 937 183 986 lucete
196 938 289 1001 quaerit,
300 945 358 1000 quot
369 939 403 986 sit
418 939 498 988 Choes
515 947 594 988 uatus.
626 940 777 1006 conjurantes
788 941 887 988 calicem
896 941 947 988 vini
962 942 1016 988 loco
1029 942 1117 990 hostie
1133 943 1178 990 im-

45 1001 102 1048 Huic
112 1001 236 1064 questioni
254 1002 363 1064 congruit
372 1004 478 1054 mulieris
496 1019 594 1068 respon·
624 1007 724 1060 molant,
735 1004 813 1052 intuso
823 1005 879 1052 virro
890 1019 937 1052 aua
947 1004 1009 1052 (licit
1016 1008 1073 1054 205.
1088 1006 1179 1069 εὔχρων

45 1081 100 1122 sum,
115 1065 204 1128 σχεδον
216 1067 325 1124 τοσοῦτο,
341 1065 380 1116 καί
398 1067 455 1117 ίίσον
472 1070 499 1118 irc
511 1076 595 1118 Διονν-
626 1083 657 1130 γε
667 1069 687 1118 θ’
694 1067 751 1130 αίμα
761 1067 1114 1128 ιιίιιιοπνοτίζειιιαλῶι.Βαιια.

45 1129 108 1177 olor:
126 1130 303 1191 feretratum,
321 1136 345 1180 et
369 1140 482 1194 οιιαιιιιιιιι
502 1135 595 1199 efficacit
658 1137 716 1182 758.
731 1132 920 1194 τοιηίτοδέρμιι
930 1133 1075 1197 abstemias.
1106 1135 1178 1184 More

46 1196 151 1258 temporis
172 1197 202 1245 ab
219 1197 312 1244 ultimis
327 1194 498 1247 Antbestariis.
531 1199 593 1247 Natu
626 1197 738 1246 nimirum
754 1196 830 1246 veteri
847 1198 919 1260 pellis
938 1206 965 1245 et
982 1201 1057 1260 pedes
1073 1199 1178 1248 victimae

45 1275 83 1322 par
97 1259 215 1324 Dionysia
229 1261 268 1308 hic
286 1259 441 1310 Anthesteria
457 1263 594 1326 significari,
627 1261 790 1310 sacerdotibus
809 1261 935 1310 cedebant.
966 1261 1091 1326 Aristopb.
1111 1263 1179 1312 Plut.

45 1323 130 1371 Circum
156 1341 211 1388 quae
230 1325 343 1387 precedit
371 1325 476 1374 ostendit
496 1328 595 1376 mentio.
628 1330 701 1376 1186.
727 1326 811 1376 abacia
831 1326 862 1376 τὸ.
882 1323 1020 1386 νομιζόμενα
1041 1325 1071 1376 uir
1087 1327 1180 1376 τούτων

46 1389 118 1446 Quum
137 1400 220 1437 autem
245 1390 322 1438 intans
337 1389 378 1437 ille
398 1391 460 1438 nihil
475 1391 540 1439 aliud
563 1393 595 1440 sit
627 1389 765 1450 λαμβάνεις.
782 1390 825 1440 ubi
835 1391 911 1439 schol.
922 1389 974 1440 δίον
986 1389 1059 1439 είιιεῖν
1067 1390 1097 1439 rb
1107 1390 1179 1454 δίρμα

46 1468 109 1514 quaro
120 1462 176 1502 uter
191 1453 241 1500 viui
256 1455 350 1518 plenus,
365 1454 399 1502 rei
417 1455 595 1504 accommodata
626 1455 665 1504 ιιαί
680 1455 725 1504 τὰς
734 1457 820 1504 κωλᾶς.
831 1454 911 1512 ἐπειδὴ
921 1453 991 1515 νείμας
1003 1452 1033 1512 ἦν
1042 1455 1074 1504 τὰ
1085 1455 1177 1506 ιἰιιολει-

46 1527 78 1565 est
91 1519 142 1566 lraec
163 1534 238 1566 anuos
256 1519 409 1581 computandi
425 1520 492 1568 ratio.
535 1521 594 1570 Veri
626 1519 716 1580 πίμενα
724 1522 768 1577 τῆς
776 1519 857 1570 θυσίας
866 1517 976 1580 ebriata
985 1517 1124 1579 λαμβάνειν.
1134 1519 1178 1572 ta·

45 1581 103 1629 euim
112 1583 177 1630 haud
187 1583 294 1632 absimile
306 1591 342 1630 est
351 1584 401 1632 viui
412 1593 505 1640 {etatem
516 1583 592 1634 Athe·
626 1594 681 1634 lter.
692 1585 724 1634 rb
734 1583 802 1646 ἔθιμα
808 1587 856 1634 τῶν
864 1582 1031 1648 παρεχομένων
1039 1585 1091 1634 τοῖς
1107 1585 1178 1648 ίερεῦ·

43 1647 133 1694 aienses
161 1647 308 1704 Liberalium
342 1663 442 1697 nurnero
468 1649 593 1701 indicasse.
626 1665 652 1699 αι
660 1649 762 1713 δέρματα
772 1649 810 1699 καί
821 1651 895 1698 κῶλα.
906 1648 969 1698 Vide
980 1649 1053 1698 etiam
1063 1651 1178 1698 scholias-

44 1709 102 1758 rlliae
113 1713 178 1760 banc
193 1713 219 1759 iu
234 1727 286 1762 rem
301 1712 363 1774 apud
378 1713 437 1760 alias
451 1720 536 1776 gentes
546 1714 592 1762 icr-
624 1712 941 1780 tenadVesp.69.⁰›-Kuer.
955 1712 1178 1772 Creticamvectem,

44 1776 109 1823 mulae
125 1778 217 1826 suntin
232 1792 291 1825 usu:
310 1777 334 1824 in
351 1775 437 1825 Gallias
452 1778 594 1840 quibusdam
626 1779 880 1841 quabibaculamulier
890 1785 966 1826 utrem
977 1777 1178 1841 viuipleuumiu·

44 1841 176 1902 regionibus
197 1841 246 1890 dici
273 1841 342 1895 solet,
372 1844 404 1892 da
421 1842 462 1891 uia
484 1845 513 1892 de
534 1844 594 1894 trois
625 1844 740 1899 volverat,
760 1851 788 1892 ut
808 1843 913 1906 speciem
933 1841 1032 1890 infantis
1053 1844 1177 1906 preberet,

41 1903 139 1963 seuiltea,
151 1908 181 1956 de
191 1906 388 1969 qautraseailles.
400 1907 520 1956 Bautica.
626 1908 756 1971 projicitei
767 1907 943 1968 Mnesilochus,
953 1913 1065 1969 tauquam
1076 1907 1179 1956 victimer

72 1974 126 2019 757.
143 1971 231 2020 ἐκτῶν
246 1969 383 2021 Διονυσίων.
409 1972 472 2028 Quia
483 1972 594 2022 Bacchus
626 1973 723 2035 pellem.
758 1972 854 2020 Ailudit
865 1980 942 2019 autem
954 1970 985 2019 ad
993 1986 1111 2020 sacrorum
1125 1987 1179 2020 mo·

44 2033 90 2080 cire
107 2033 182 2083 Liber
194 2043 260 2098 pater
279 2036 328 2084 vini
344 2042 389 2084 est.
409 2036 494 2084 Brao.
504 2036 594 2100 σχεδον
625 2052 685 2092 rem,
701 2051 750 2112 quo
760 2037 921 2086 sacerdotibus
932 2035 1049 2084 cedebant
1064 2035 1178 2098 reliquae

43 2101 151 2148 τοοοῦτον
164 2099 204 2148 καί
214 2099 272 2150 ὅσον
282 2101 310 2148 ἐκ
320 2099 455 2148 Διονυσίων.
480 2100 519 2148 Sic
531 2101 593 2150 Cod.
625 2101 737 2160 victimis,
758 2103 849 2150 scilicet
869 2099 945 2164 pelles
964 2106 990 2148 et
1006 2102 1089 2150 κωλαῖ.
1113 2101 1177 2150 Vide

42 2169 66 2208 et
74 2172 129 2212 vett.
140 2165 198 2214 edd.
209 2179 300 2214 omues.
311 2165 383 2212 Kust.
392 2165 472 2214 nescio
483 2167 555 2222 uude,
565 2168 592 2229 χ’
625 2166 730 2216 Potitum
741 2165 772 2214 de
783 2167 841 2228 ieg-
852 2165 905 2214 Att.
915 2181 940 2228 p.
950 2169 990 2216 75.
998 2165 1119 2214 Bauucr.

42 2226 95 2276 ὅσον
115 2231 142 2278 ἐκ
160 2231 209 2278 τῶν
224 2237 255 2280 Δ.
286 2229 393 2278 Observa
413 2237 493 2278 autem
510 2231 592 2280 inboc
658 2235 717 2282 750.
733 2231 864 2295 ἐξεκόμισε.
885 2229 1071 2294 taaeopctaquod
1084 2229 1178 2292 proprie

42 2307 106 2340 versu
116 2303 203 2357 quater
211 2309 330 2342 recurrere
341 2293 446 2342 eundem
461 2310 545 2343 sonum
556 2314 592 2347 ον.
624 2310 730 2346 amere
741 2297 779 2344 vel
789 2297 865 2359 scopis
871 2310 975 2358 purgare
985 2294 1111 2358 siguificat,
1126 2310 1179 2343 me·

42 2355 118 2406 Scribe
157 2357 248 2422 οχεδὸν
283 2359 385 2409 τοσοῦτο
424 2357 464 2408 καί
495 2359 593 2410 ίαον-.
625 2361 747 2423 taphal-icc
766 2361 839 2408 etiam
857 2365 938 2407 notare
962 2367 1043 2422 potest
1059 2359 1179 2420 uirginem

45 2421 164 2471 Bauucu.
179 2422 262 2488 χῷοον
272 2423 487 2474 aruncum-Pac.
498 2429 556 2474 437.
569 2441 594 2490 p.
624 2430 742 2488 stuprare.
774 2425 915 2482 Hicautem
924 2439 995 2472 sensu
1010 2422 1101 2472 comico
1116 2424 1179 2472 acci·
1283 2473 1287 2478 ,

44 2487 593 2552 441.αιί.1.ἰριι.χ5οονΒεαῑ.οῑΡοιε.Βινο.
624 2489 688 2552 pitur
711 2506 752 2552 pro
766 2490 848 2554 filiam
867 2489 940 2538 alicui
960 2488 1073 2538 adimere·
1103 2488 1179 2536 Ludit

73 2555 128 2601 748.
144 2552 180 2615 μὰ
197 2555 225 2602 οὔ
239 2552 291 2603 τόν.
323 2554 461 2602 Delendum
477 2554 513 2614 ori,
528 2555 595 2618 quod
624 2569 681 2617 ergo
699 2555 856 2618 ambiguitate
876 2553 1065 2616 siguificationis,
1084 2568 1137 2616 que
1153 2553 1179 2601 iu

45 2616 81 2663 ed.
90 2616 173 2667 Farrei
184 2633 232 2666 uon
250 2617 333 2676 habet,
347 2626 372 2666 st
383 2619 471 2682 absque
483 2619 525 2666 illo
538 2635 594 2668 cou·
625 2617 707 2681 lingua
722 2619 809 2668 Latina
819 2617 920 2681 exprimi
928 2633 978 2665 nou
987 2623 1076 2680 potest.
1096 2616 1179 2666 Kurr-

44 2687 189 2732 statversue.
231 2683 350 2731 Preterea
363 2682 443 2730 Graeci
452 2697 501 2730 uon
512 2682 596 2732 dicunt
624 2681 823 2748 Aadpmaeliu.
856 2681 925 2730 Alias
940 2682 1045 2745 ίκιιορεΐν
1058 2687 1097 2730 est
1113 2696 1179 2732 euar-

41 2745 71 2803 at
90 2747 117 2794 ab
134 2747 181 2797 τον
197 2747 320 2810 Ἀπόλλω,
336 2747 380 2795 sed
396 2756 438 2795 aut
457 2747 485 2796 ab
498 2747 532 2808 ab
552 2748 596 2798 τὸν
625 2761 686 2804 rere,
696 2749 774 2813 scopir
781 2762 891 2812 purgare.
903 2747 989 2794 Bran.
1006 2743 1179 2809 ἔιαιορέιιὶιίοια

38 2809 158 2872 Ἀπόλλω,
177 2819 218 2860 aut
227 2811 261 2874 pb
276 2812 319 2861 τὸν
328 2809 439 2862 Ἀπόλλω
455 2812 490 2860 ai.
509 2813 595 2862 Burro.
624 2812 745 2877 significat
755 2812 818 2878 quod
829 2809 947 2876 διακορίω,
964 2810 994 2858 de
1004 2825 1051 2872 quo
1068 2810 1179 2873 supraad

41 2875 189 2935 μίτὸνἈα.
205 2877 298 2928 Rmsr.
322 2875 594 2937 praefecturam·
626 2892 649 2923 v.
666 2881 726 2927 485.
745 2887 771 2926 et
799 2878 833 2925 sic
858 2877 919 2925 forte
949 2875 1120 2938 intclfigeadus
1141 2883 1179 2924 eat

40 2939 96 2989 τονί.
120 2943 247 2990 Hiccerte
256 2941 370 3006 particula
384 2939 594 3006 pbperseaegat,
626 2940 733 3007 Hesycb.
749 2942 775 2990 iu
790 2942 869 3004 glossa
887 2941 1018 3005 ἐιιιιοροΰοι,
1039 2937 1179 3004 φθείρουσιν.

42 3007 595 3070 quumneoprarcedatuecsequaturaliauegu-
625 3004 660 3054 At
692 3008 730 3056 hic
758 3007 823 3054 valet
852 3010 899 3065 τὴν
931 3005 1003 3074 κόρην
1032 3005 1181 3068 ἀφαιροῦμαι.

42 3072 80 3126 tio,
89 3086 135 3120 uec
146 3071 266 3135 particula
278 3071 434 3119 adversativa.
466 3070 507 3119 Sic
514 3087 596 3120 rursus
626 3070 734 3118 Luditia
745 3071 856 3132 ambiguo
864 3070 984 3118 comicus:
999 3069 1181 3128 Quis-tederir·

40 3135 99 3182 infru
110 3141 161 3186 897
164 3170 170 3184 .
182 3137 228 3199 Eq.
238 3140 294 3186 336.
306 3139 363 3184 339.
374 3136 495 3183 Bauucr.
512 3135 594 3199 Repo-
624 3135 740 3196 giaaoiti
752 3151 793 3196 pro
812 3135 873 3190 Qasr
884 3134 928 3184 tibi
937 3134 1038 3196 puellm
1048 3139 1113 3184 mm
1123 3136 1180 3184 ode·

41 3201 145 3248 neudum
158 3201 263 3258 arbitror,
279 3201 313 3262 pb
329 3199 373 3250 rba
384 3199 495 3249 Ἀπόλλω
505 3201 533 3250 od
541 3218 596 3250 τον·
625 3200 689 3249 misr
717 3199 795 3248 Priori
807 3200 875 3246 ruodo
887 3197 1029 3259 ambiguitas
1037 3196 1063 3243 iu
1072 3198 1180 3246 versione

41 3265 99 3314 τονί.
111 3266 218 3314 Rarsro.
626 3264 729 3327 exprimi
740 3270 841 3326 poterat,
859 3261 932 3324 idque
943 3276 973 3308 eo
983 3261 1060 3323 magis
1069 3260 1120 3308 lieri
1135 3263 1178 3310 de-

70 3335 129 3379 tre.
159 3327 324 3392 ἐμπιμτρίετε.
341 3329 388 3378 Ed.
416 3329 498 3378 Farrei
529 3331 597 3390 ἐμπι-
626 3327 688 3384 buit,
704 3330 768 3392 quod
789 3341 892 3390 sequeus
911 3340 994 3374 versuo
1010 3323 1069 3371 nulli
1088 3325 1129 3374 sti
1143 3325 1180 3374 rai

39 3395 122 3457 πρᾶτε.
140 3395 222 3444 Scribe
232 3393 360 3456 ἐμπίπρωτε
370 3410 385 3443 a
394 3394 500 3457 πίπρημι.
512 3395 598 3444 Bsao.
627 3393 724 3442 additus
735 3393 848 3448 videatur,
862 3405 934 3466 quam
944 3396 972 3436 ut
981 3388 1091 3464 ambiguo
1102 3388 1179 3466 ἐξεκί-

38 3458 197 3522 ἒμπίμπρατε.
215 3459 275 3508 Vide
286 3459 317 3506 ad
333 3460 391 3524 Lys.
402 3464 459 3510 311.
475 3461 595 3508 Bassos.
626 3474 685 3522 ρηοε
695 3459 905 3519 interpretamento
912 3462 950 3502 sit.
959 3455 1097 3504 Mtsammc
1103 3456 1180 3519 Maca,

39 3525 106 3588 Lege
117 3523 273 3588 ἐμπίμπρατε.
285 3524 346 3588 Gry.
357 3523 495 3587 ἐμπίνοντα.
515 3525 598 3572 Basr.
627 3523 680 3584 puis
690 3527 714 3571 te
723 3519 902 3583 devirginavit?
912 3519 965 3584 quis
975 3519 1084 3568 dilectura
1093 3525 1118 3568 et
1126 3521 1180 3568 irai·

70 3594 131 3639 753.
149 3588 248 3653 ἡίργε
258 3587 353 3637 τούτου.
370 3589 456 3636 Potius
467 3583 598 3636 vultamit·
626 3587 785 3651 camfiliolum
800 3585 845 3634 tibi
853 3585 954 3648 eripaitt
970 3585 1089 3633 Beuucr.
1108 3584 1180 3635 Cani.

39 3662 89 3703 tere
101 3655 258 3718 istumquam
267 3653 357 3701 riuum.
368 3653 455 3704 Βιιια.
484 3651 597 3716 pullicen-
627 3652 738 3700 Boeckb.
748 3649 779 3697 ad
789 3650 865 3698 schol.
875 3649 973 3697 Pindari
983 3664 1009 3712 p.
1018 3651 1075 3698 330.

40 3737 88 3768 νος.
106 3721 158 3768 Pro
168 3717 330 3782 φίλοινοε.Ιο.
429 3711 438 3724 ’
660 3719 717 3766 tol.
733 3714 770 3764 τίς
779 3713 824 3774 τὴν
834 3713 960 3774 ἆγονητὴν
972 3711 1045 3762 παῖδά
1054 3711 1179 3787 οοιιᾝῃοή·

71 3789 131 3833 753.
149 3785 186 3843 ἥδ’
205 3781 410 3845 deceperimus·
442 3781 528 3845 Eurip.
545 3779 597 3829 Au·
628 3797 706 3840 οατο;
722 3779 764 3828 Ad
780 3794 964 3828 meumsensum
974 3777 1034 3826 nihil
1045 3775 1181 3839 languidius

38 3849 117 3906 drom·
126 3853 185 3898 375.
202 3850 215 3897 ὁ
226 3849 246 3897 δ’
253 3847 306 3898 bari
313 3849 357 3896 τοῦ
363 3847 407 3896 σοῦ
418 3846 526 3908 adiperos
536 3854 597 3906 οφιι-
628 3846 686 3910 fingi
697 3852 776 3910 potest
786 3845 830 3892 lrac
841 3843 971 3907 epexegesi
987 3839 1025 3918 sris
1044 3839 1180 3916 ἐξῃρήοοτο,
1215 3879 1219 3888 ,

39 3913 154 3972 piceam.
171 3913 259 3976 Agitur
275 3919 357 3961 autern
372 3913 405 3961 ibi
421 3927 460 3960 rea
476 3912 558 3960 similis
573 3919 599 3960 et
628 3910 734 3973 mihique
753 3909 788 3956 ita
807 3909 949 3970 persuadeo,
974 3922 996 3954 sa
1021 3920 1075 3968 qurs
1095 3920 1181 3967 priona

40 3978 91 4026 dixi
103 3980 136 4026 de
147 3979 190 4026 iilo
197 3979 250 4026 loco
259 3977 290 4026 ad
300 3982 358 4027 690.
369 3977 453 4026 Baae.
628 3991 710 4024 versus
719 3971 930 4038 (ταλαντάτη-οε
940 3972 961 4047 3)
978 3969 1118 4019 seutentiam
1127 3970 1179 4032 plu-

70 4049 133 4094 754.
152 4043 218 4090 Suid.
238 4043 363 4104 σφαγεῖον,
379 4041 408 4091 τὸ
427 4041 471 4090 τοῦ
500 4039 600 4102 αίμοτοι
617 4041 692 4088 tribus
701 4047 727 4088 et
738 4039 881 4102 planioribus
892 4038 969 4086 verbra
980 4033 1180 4096 comprehendere

40 4107 155 4158 δεκτικὸν
166 4107 274 4169 ἀγγεῖον,
292 4105 306 4156 b
323 4105 387 4156 eim
402 4108 415 4155 d
427 4105 526 4164 ποιητὴς
536 4104 599 4169 (Οά.
628 4105 694 4162 velit,
705 4106 745 4150 vix
755 4119 811 4152 eum
821 4104 869 4150 alia
879 4117 930 4150 esse
946 4105 1098 4162 reperturum,
1109 4113 1180 4160 quam

39 4180 64 4222 Γ.
81 4174 160 4232 did.)
192 4171 280 4234 ὀμνίον.
302 4171 424 4223 Baurcr.
456 4172 527 4232 οίμοι
544 4169 599 4219 τέιι»
629 4183 683 4233 quae
703 4171 748 4217 hoo
765 4168 883 4216 versiculo
903 4164 1061 4214 continentur.
1093 4162 1180 4212 Utrum
1204 4175 1205 4180 ’

37 4237 94 4287 νονί
115 4235 160 4288 δία
175 4255 213 4299 μοι
237 4235 266 4286 rb
286 4237 416 4298 σφαγεῖον,Ι
432 4234 518 4286 Μανία.
559 4235 599 4283 Sic
630 4249 686 4283 vero
706 4241 769 4281 totus
789 4247 872 4280 versus
891 4228 985 4292 spurius
1000 4225 1132 4283 habeadus,
1149 4243 1181 4276 au

39 4305 125 4367 vulgo,
138 4303 210 4366 quasi
219 4311 311 4351 certum
321 4301 403 4350 nescio
419 4317 491 4364 quem
507 4299 601 4348 alveum
629 4314 674 4363 pro
691 4295 819 4362 ίεῃρίιοωιο
836 4295 901 4344 aliud
918 4294 1015 4342 verbum
1029 4291 1182 4355 quaerendum

38 4365 601 4482 tttffiitellb‘a'lilt‘illidi·
630 4355 1181 4491 {ttitittrlllssllltliiitlfft
1225 4449 1226 4452 κ

254 4467 261 4490 ι
594 4461 602 4476 ·
884 4461 891 4482 ³
1046 4457 1053 4478 ’

38 4499 142 4547 Horra.
187 4493 374 4566 leperqdpiov·
390 4495 472 4548 Beer.
505 4493 600 4544 Articu-
632 4511 728 4546 sensura
738 4496 823 4559 τρῆμα,
833 4487 956 4555 apostatici,
965 4496 990 4540 et
1001 4489 1094 4552 τρνπᾷν
1103 4488 1181 4536 ierun-
