2880 4912
60 391 96 454 v.
113 395 244 476 61-so.]
431 396 856 501 ΘΕΣΜΟΦΟΡΙΑΖΟΥΣΑΙ.
1150 405 1225 486 ‘asp

54 550 155 604 Riisx.
175 558 215 608 bid
232 559 276 608 τοῦ
291 559 395 624 θριγκοῦ.
428 561 568 626 Propositio
582 563 619 614 aa
632 553 638 564 ¹
653 565 724 616 etiem
735 567 807 632 Berg.
840 567 884 616 Eat
899 574 979 617 outoni
997 569 1042 619 boc
1060 586 1088 618 cx
1102 571 1204 640 Zanctti,

54 633 108 666 cuin
128 636 218 672 versim
228 632 253 673 et
263 639 346 674 sensus
362 623 415 674 labo
433 627 502 691 vulgo
522 627 618 678 omissa.
651 638 692 678 aut
703 633 768 680 docti
778 633 829 690 viii,
846 633 886 696 qui
901 633 966 682 illius
973 635 1106 698 procuravit
1116 639 1202 694 editio=

56 683 186 734 Bautica.
293 685 300 698 ⁸
649 709 713 752 nem,
730 697 903 754 emendatione,
921 699 1037 746 credentis
1054 699 1144 762 Odpmoi
1158 704 1201 752 ad·

85 753 132 797 61.
149 752 210 816 Lys.
221 755 276 800 676.
293 751 421 816 ξυστρέψας
432 753 469 804 καὶ
479 759 614 818 emerso
648 761 754 808 veroium
766 777 826 819 esse,
838 770 864 810 ut
874 763 947 818 aiunt,
962 763 989 812 ia
997 765 1053 819 loco,
1068 763 1150 828 θύραζε
1170 771 1202 817 ud

53 811 126 862 λίνοις
145 816 443 878 Βππο.ξιιγγσῃιιλίσας.
466 821 614 884 νκίςογογ-
647 823 740 882 locum
761 827 854 889 hocque
866 843 892 873 ei
903 827 984 874 indole
995 827 1080 889 liiiguae
1092 803 1200 880 adhiberi

51 877 170 950 γνλίσας,
180 882 322 930 reclamante
332 891 416 930 metro.
450 885 613 949 Ecomposito
647 890 759 937 debuisse
777 906 831 938 cuin
851 892 921 939 verbo
939 900 1015 940 motui
1033 891 1118 958 apoip:
1136 897 1198 958 quud

52 945 161 1006 simplex
177 946 272 994 verbum
290 939 480 996 iecitlibrarius.
512 951 552 1000 Cl.
563 960 613 1000 not.
646 953 742 1014 quidem
751 969 799 1002 non
811 956 906 1002 omnino
917 963 953 1002 est
963 955 1125 1018 improbabile.
1148 959 1197 1006 Vr.-

51 1006 80 1079 ad
89 1007 155 1071 Lys.
166 1013 225 1058 ios.
265 1010 293 1057 In
304 1012 351 1058 ista
360 1011 441 1060 fabula
453 1013 539 1076 legitur
550 1015 611 1063 ideni
645 1031 697 1064 runi
711 1019 888 1082 haudquaquam
900 1027 992 1067 constat
1002 1021 1062 1067 iuter
1073 1020 1162 1084 θύραισι
1173 1033 1200 1071 et

50 1070 120 1118 hicce
136 1075 268 1123 versiculus
285 1075 376 1124 diversa
393 1080 517 1134 verborum
536 1081 612 1127 collo·
646 1079 727 1143 θύραζε
738 1089 830 1130 tantuin
840 1083 996 1138 intercedere,
1013 1098 1126 1146 quantum
1137 1088 1199 1136 inter

50 1137 160 1193 catione,
172 1143 230 1189 676.
249 1138 377 1204 ξυστρέψας
391 1141 430 1190 καὶ
450 1143 610 1204 ξινγγογγυλί-
647 1144 802 1206 Latinesoiis
813 1147 920 1210 τοίοισι.
931 1146 1018 1206 θόροισι
1029 1149 1135 1206 adverbii
1147 1150 1198 1198 rice

49 1217 97 1248 σαι.
112 1203 243 1252 Biturica.
645 1211 752 1270 ponitur;
768 1210 811 1258 sed
829 1213 865 1258 e'st
882 1225 965 1258 revera
985 1210 1080 1258 dativus
1100 1213 1198 1274 pluralis

78 1269 126 1315 63.
146 1267 219 1316 Frob.
237 1266 274 1318 νέο
290 1267 371 1329 dysin:
389 1271 442 1332 lege
461 1268 512 1332 itur
530 1271 554 1331 γ)
570 1273 611 1322 ἄν.
645 1288 700 1320 cuin
718 1275 799 1336 ellipsi
814 1273 1043 1336 praepositionisdirl.
1079 1275 1198 1325 l'lcnalo·

48 1329 138 1379 Beue.
155 1331 219 1391 ἣτιαιι
229 1334 280 1384 νέοι
294 1335 318 1394 γ’
337 1333 370 1382 ὢν
387 1333 439 1392 ἦσθ’
457 1337 576 1396 ὑβριστὴς,
593 1335 611 1386 d
645 1337 710 1384 cutio
721 1339 820 1386 occurrit
830 1338 904 1385 Conc.
915 1343 971 1387 967.
983 1337 1037 1386 ἀλλ’
1048 1337 1116 1394 ἄπιθ’,
1135 1339 1196 1392 ὅπως

47 1393 133 1456 γέρον.
164 1398 210 1446 ste
222 1399 354 1462 perspicue,
366 1399 475 1446 distincte
486 1408 512 1447 et
522 1401 610 1463 optime
643 1401 676 1460 μή
685 1403 708 1450 π’
719 1399 756 1450 ἐπὶ
768 1401 870 1464 θύραισιν
877 1401 966 1462 ὄψεται,
983 1402 1036 1450 Jain
1048 1419 1102 1452 ivero
1113 1413 1194 1452 nutum

46 1460 172 1522 scriptum
183 1463 209 1510 in
220 1463 280 1512 Cod.
313 1463 422 1512 Eandem
432 1464 557 1512 lectionem
570 1466 610 1512 hu·
644 1474 680 1513 est
695 1467 884 1528 praepositionem
897 1465 933 1514 ἐπὶ
944 1482 998 1514 cuin
1013 1467 1085 1514 tribua
1103 1468 1196 1518 casibus

49 1524 87 1570 bet
97 1526 116 1574 J
120 1536 178 1574 unt.
188 1526 258 1574 unius
273 1527 346 1574 literae
358 1529 486 1576 mutatione
497 1529 610 1592 deprava·
643 1531 775 1592 promiscue
792 1530 896 1580 construi
913 1529 984 1578 etiarn
995 1547 1047 1581 cuni
1059 1531 1134 1580 verbis
1144 1549 1195 1582 iuo-

49 1594 114 1636 tam:
137 1589 260 1649 ἥποννέο
270 1591 334 1652 ἀγὼν
344 1591 396 1651 ἣσθ
408 1593 526 1656 ὑβριστὴς,
541 1592 609 1654 ὦγέ-
643 1603 690 1643 tus.
710 1595 782 1651 Quod
792 1595 822 1642 ad
832 1595 963 1644 secundum
974 1595 1066 1650 attinet,
1077 1595 1131 1643 vide
1141 1612 1195 1658 quae

47 1653 94 1712 ρον.
105 1657 156 1702 ubi
169 1654 208 1705 νέο
219 1657 283 1718 ἀγὸν
292 1666 331 1704 ost
340 1673 369 1705 ex
382 1657 472 1705 librarii
484 1658 609 1720 imperitia,
643 1657 723 1706 notavi
741 1660 771 1708 ad
789 1661 874 1708 AEsch.
885 1659 963 1707 Proin.
974 1663 1031 1708 663.
1047 1666 1072 1706 et
1082 1659 1198 1722 Apollun.

48 1721 179 1782 exemplar
194 1721 257 1784 quod
273 1722 305 1768 ob
320 1721 403 1770 oculos
421 1723 525 1770 habebat
541 1724 609 1770 iucu-
642 1721 742 1772 inoliti.
773 1723 847 1771 Tertii
860 1724 992 1787 exemplum
1003 1739 1017 1770 o
1027 1724 1109 1772 multis
1121 1727 1196 1774 selec·

46 1781 111 1831 riose
132 1785 247 1846 legentis.
279 1785 438 1834 Corroierunt
448 1785 537 1834 Veneti
559 1787 610 1836 νέοι·
642 1799 694 1834 tuni
710 1789 825 1851 proferam
834 1803 866 1835 ex
876 1787 947 1836 Hom.
958 1787 989 1834 11.
1000 1794 1025 1838 Β.
1036 1787 1151 1851 βοτρυδὸν
1170 1789 1196 1844 δὲ

48 1845 114 1907 ἀγόν
129 1857 240 1912 προσίοι
251 1851 331 1899 nescio
341 1852 393 1912 quis
403 1851 464 1900 alius
476 1850 527 1900 νέοι
538 1850 608 1912 ἄγαν,
642 1849 753 1902 πέτονται
764 1853 800 1901 ἐπ’
811 1852 903 1902 ἄνθεσιν
921 1851 1058 1914 εἰαρινοῖσιν.
1078 1853 1109 1900 ud
1125 1869 1194 1916 quem

47 1914 99 1972 qu‘ae
129 1913 277 1962 Batavorum
296 1921 322 1963 et
341 1923 469 1963 ceterarum
495 1916 609 1978 deinceps
623 1958 629 1966 ,
642 1914 720 1964 locum
730 1918 880 1965 sichstatb.
891 1933 914 1980 p.
927 1920 982 1967 179.
1000 1915 1029 1964 rb
1047 1915 1071 1965 δὲ
1084 1917 1120 1964 ἐπ’
1132 1917 1196 1966 ἄνθε’

46 1977 101 2024 edd.
117 1979 252 2026 cstlcctio.
283 1979 315 2028 Et
330 1981 608 2044 haecetiamappellaba-
642 1997 681 2029 σιν
700 1979 812 2045 εἰαρννοῖι,
831 1979 883 2030 ἀντὶ
900 1982 944 2028 roi
963 1980 998 2030 da?
1020 1979 1078 2040 ἄνθη
1099 1979 1195 2044 εἶαρινὰ,

45 2047 83 2087 tur
104 2051 212 2106 recepta
232 2045 314 2100 lectio,
335 2059 405 2106 quam
426 2059 496 2092 neruo
517 2045 610 2094 sciebat
643 2043 721 2105 ὅμοιον
729 2047 766 2110 τῷ
781 2045 855 2104 ἦλθεν
872 2045 908 2095 tal
925 2045 1064 2110 Κρήτεσσιν,
1084 2046 1135 2094 ἀντὶ
1153 2049 1196 2095 τοῦ

48 2106 113 2154 unde
128 2107 275 2170 emersisset,
288 2109 372 2172 cuique
385 2117 464 2156 tamen
475 2117 609 2157 coutrover-
643 2109 680 2158 eet
697 2109 752 2160 τοὺς
767 2113 867 2175 Κρῆτας.
900 2109 959 2157 Haec
974 2110 1085 2158 'sufficere
1104 2111 1197 2175 possint

44 2169 106 2218 siam
123 2177 204 2219 status
213 2173 478 2221 nelasi'uissetmoveie.
489 2174 610 2222 Bnuuci.
642 2175 671 2221 nd
682 2178 794 2224 utendam
802 2183 905 2224 veterem
915 2175 1048 2223 lectionem.
1060 2177 1179 2223 Bnuucir.

78 2240 125 2284 64.
141 2237 230 2285 τοῦτον
238 2237 434 2301 μὲνέιιχαᾶρεινι
452 2239 610 2303 Jitimtere,
674 2243 714 2289 74.
731 2239 759 2288 οὗ
770 2243 838 2303 χρῆν.
871 2237 1023 2286 Kuit.veitit
1042 2254 1087 2288 non
1104 2245 1196 2303 oporte·

42 2299 85 2357 foc
96 2316 156 2350 mm
167 2303 272 2351 nahtam.
289 2300 615 2364 ΡΙιιῑ.1188.χαᾶρεινέἄσαο.
640 2302 689 2366 but,
707 2305 783 2352 minus
803 2305 871 2352 bene.
905 2303 946 2350 Est
966 2303 1195 2366 quidemimperlec·

46 2363 162 2413 rvaia.
180 2366 265 2414 Beue.
285 2365 313 2416 ἔα
322 2376 350 2415 ut
359 2367 544 2432 monosyllabum
556 2383 609 2430 pio·
640 2374 689 2414 tum
700 2370 770 2430 χρῆν,
785 2371 825 2416 sed
843 2368 873 2416 de
890 2367 1002 2430 praesenti
1019 2377 1125 2430 ternpore
1142 2383 1196 2430 per-

45 2429 158 2478 nuntiari
180 2431 231 2478 rult
248 2429 332 2478 Eliml.
353 2433 383 2479 ad
406 2430 509 2480 Acharn-
530 2448 554 2494 p.
568 2437 609 2482 61.
628 2430 696 2480 'inde
713 2449 740 2481 ac
760 2432 807 2496 χρὴ
824 2447 839 2481 a
854 2433 934 2496 po'etis
943 2430 1033 2480 Atticis
1052 2433 1111 2480 solet
1127 2448 1194 2480 usur*
1291 2456 1295 2463 ·

46 2492 132 2540 Dino.
273 2516 280 2525 ¹
640 2497 699 2558 pari.
732 2497 846 2546 Thomna:
864 2498 926 2561 χρῆν
937 2495 975 2545 καὶ
987 2494 1038 2554 ἀντὶ
1048 2497 1092 2544 τοῦ
1100 2496 1192 2559 ἔπρεπε,

79 2563 122 2606 65.
142 2557 277 2609 ἐκκάλεσον
292 2558 356 2626 adop
374 2558 457 2626 τέχνῃ.
490 2560 526 2615 v.
543 2560 609 2610 Eccl.
640 2559 678 2608 aci
697 2561 750 2610 dari
768 2564 811 2610 τοῦ
827 2563 917 2626 πρέπει.
938 2559 999 2624 [χρὴ
1014 2559 1195 2620 Suid.inirqde-

49 2623 211 2672 36⁷·Bmt0·
640 2624 705 2682 οτᾶε.
723 2627 805 2674 Bana.
838 2625 1032 2675 Vid.Elmsl.ad
1050 2625 1194 2688 EuripHc-

80 2690 121 2736 67.
140 2691 264 2748 χειμῶνος.
298 2689 362 2738 Vide
372 2705 426 2753 quae
444 2689 474 2736 de
491 2689 537 2737 hoc
556 2689 609 2738 loco
639 2690 721 2740 riclid.
733 2696 789 2740 956.
801 2691 893 2753 Dium]
912 2689 1027 2756 κηδεστὴς
1044 2704 1098 2736 οιιιιι
1117 2695 1193 2746 notat,

17 2767 18 2772 ¹
47 2751 153 2800 diximus
178 2751 209 2799 ad
226 2769 321 2800 verium
340 2755 440 2818 primum
459 2753 507 2800 tali.
528 2753 608 2818 hujus.
639 2756 678 2816 qui
690 2755 802 2804 affinitate
814 2771 868 2804 cum
879 2754 925 2804 alio
940 2753 1038 2816 junctus
1047 2759 1092 2809 est,
1109 2762 1133 2800 ct
1145 2761 1192 2801 tarn

48 2815 132 2864 Kusr.
154 2815 221 2865 Coll.
231 2817 369 2866 Schneider.
380 2820 410 2867 ad
420 2819 608 2880 Theophrastum
639 2823 670 2866 de
680 2835 765 2876 socero,
776 2821 885 2882 quamde
894 2833 981 2880 genero
994 2817 1088 2872 dicitur.
1098 2819 1193 2882 utapud

48 2880 322 2943 auspicamus.
638 2883 832 2951 latinosnffinis.
865 2885 896 2932 V.
906 2883 1017 2930 Plautum
1028 2880 1109 2929 Aulul.
1122 2882 1157 2929 iii.
1169 2887 1194 2932 4.
1238 2917 1240 2930 .

79 2950 123 2994 68.
141 2945 317 3007 κατακάμπτειν
334 2947 378 2997 τὰς
396 2945 510 3011 στροφάς.
543 2945 607 2994 Vide
640 2950 932 2998 lt.et5.62.Bauucii.
953 2945 1061 3010 κρύπτειν
1078 2962 1133 2994 cuin
1149 2949 1195 2993 du·

47 3023 93 3054 nos
115 3011 147 3056 ad
170 3009 236 3057 Nub.
250 3027 273 3058 v.
282 3015 341 3061 666.
362 3013 403 3060 ubi
424 3009 535 3073 κάμψειέν
555 3029 609 3060 τινα
638 3011 696 3074 plici
711 3014 843 3061 accusativo
860 3013 965 3060 construi
984 3027 1088 3074 personae
1107 3018 1132 3058 et
1151 3011 1194 3066 ici,

47 3071 156 3133 καμπήν.
180 3073 261 3123 Kusr.
300 3076 376 3132 Quasi
397 3077 489 3125 scilicet
509 3076 609 3123 materia
639 3075 788 3126 observatum
800 3078 843 3125 luit
854 3079 883 3124 ad
893 3077 977 3124 AEsch.
985 3077 1063 3123 Proui.
1071 3081 1127 3124 636.
1145 3075 1193 3123 Hic

16 3165 18 3168 -
46 3140 205 3200 stropharum
226 3141 258 3186 sit
277 3143 408 3203 congelata.
456 3141 562 3203 Strophai
585 3147 610 3188 et
639 3140 823 3190 subaudiendum
835 3150 871 3189 est
880 3159 918 3200 με.
930 3141 957 3188 οὔ
969 3142 1030 3201 χρῆν
1040 3157 1069 3187 σε
1080 3139 1137 3186 ἄντα
1152 3157 1194 3197 κη-

46 3203 208 3266 antistrophae
229 3213 287 3252 sunt
306 3205 417 3260 carmina,
444 3221 496 3268 quae
523 3203 609 3253 chorus
639 3205 725 3264 δεσπὴν
752 3205 808 3265 ἐμὸν
834 3206 944 3266 κρύπτειν
959 3221 997 3264 με.
1029 3203 1077 3250 Sed
1097 3204 1193 3266 poetam

46 3275 141 3322 cantet,
165 3267 304 3333 modohuc‚
325 3269 608 3317 niudoillucseconver-
640 3269 764 3332 scripsisse
779 3270 893 3330 suspicor,'
916 3269 942 3316 ob
959 3269 1020 3329 χρῆν
1038 3285 1067 3315 σε
1085 3266 1194 3328 κρύπτειν

45 3338 112 3387 tens,
133 3334 199 3380 unde
216 3333 289 3380 etiam
308 3349 395 3382 nomen
411 3335 485 3382 habet
503 3333 566 3394 παρὰ
581 3331 610 3382 ab
640 3331 698 3382 ἄντα
719 3334 837 3392 κηδεστὴν
855 3332 904 3394 ἐμέ.
925 3332 1066 3394 Sophocles
1087 3331 1193 3378 stobi.

45 3395 206 3458 στρέφεσθαι.
232 3397 372 3446 Isteautem
385 3399 609 3461 loquiturtanquaiu
639 3397 706 3447 οὐδὲν
715 3397 762 3460 γάρ
781 3415 810 3446 σε
824 3400 861 3446 δεῖ
876 3395 986 3460 κρύπτειν
996 3395 1019 3458 ρ’
1031 3393 1073 3443 ἔτι.
1106 3393 1194 3442 Confer
1223 3450 1224 3453 Ἴ

46 3459 80 3507 de
103 3461 184 3523 virgis,
202 3477 255 3524 quae
272 3473 454 3525 contorquentur
470 3463 496 3509 in
513 3463 610 3510 modum
640 3461 814 3527 Lycinnln.

47 3525 384 3587 iuuis,quodcommodelit‚
404 3525 609 3574 siviridesadhuc
672 3532 712 3577 75.
729 3523 941 3591 προπεφυραμένον.
985 3525 1018 3573 V.
1047 3524 1108 3570 Avv.
1136 3527 1195 3572 tos.

45 3590 167 3637 calefiant
178 3591 202 3638 in
215 3592 298 3638 furno:
317 3593 395 3640 atlete
407 3593 514 3654 strophas
526 3591 549 3637 in
561 3593 609 3638 sole
640 3591 725 3640 Banu.
759 3593 804 3640 Pei
816 3601 888 3638 totam
900 3593 959 3638 hanc
976 3605 1068 3638 scenam
1080 3600 1195 3652 personas

44 3654 106 3700 vult
128 3653 211 3701 iacere.
232 3656 318 3703 Bane.
338 3656 409 3705 Frob.
431 3653 608 3716 κοταιοᾶμπεινι
640 3657 755 3718 disposuit
766 3658 837 3705 Bcnt.
847 3668 873 3702 ut
883 3655 954 3702 Kust.
966 3655 1047 3702 Dino.

45 3717 116 3780 Gry·
127 3737 248 3778 -μπτειν,
259 3720 343 3768 Bsur.
673 3727 713 3770 76.
729 3721 793 3782 Lege
815 3720 857 3769 ἕως
872 3718 1000 3784 ἐξέρχεται.
1027 3717 1153 3766 Heindorf.
1164 3717 1195 3764 ad

82 3787 131 3829 69.
146 3782 232 3848 θύραζε.
266 3784 455 3834 Itaed.I·'arrei.
483 3783 528 3846 [Et
538 3783 609 3832 Pota·
640 3785 748 3834 Platouis
764 3785 995 3847 Phaedonempdd.
1025 3783 1103 3840 Mirus
1122 3795 1194 3828 error·

44 3845 117 3893 vius·
133 3847 160 3894 ad
180 3849 337 3896 Themistiuni
365 3865 390 3914 p.
410 3854 467 3898 668.
488 3856 513 3895 et
539 3849 610 3897 Bent.
640 3849 703 3898 Vide
714 3851 806 3913 Reisig.
817 3851 834 3897 i.
844 3865 868 3912 p.
880 3853 919 3897 67.
934 3848 1015 3895 Dino.
1026 3873 1059 3882 ··-
1070 3846 1132 3906 Lege
1148 3849 1195 3892 ΘΕ.

43 3909 151 3974 Dinia]
182 3913 256 3962 Brub.
271 3921 351 3962 autem
369 3922 395 3962 et
412 3928 503 3974 nupera
521 3912 610 3977 θύρασι,
640 3913 784 3978 περίμεν-
797 3911 1032 3964 maizei-ET.
1051 3910 1079 3968 ab
1096 3907 1194 3957 roba-—

44 3989 103 4020 non
118 3985 186 4024 reete.
219 3979 334 4026 Ceterum
351 3987 380 4027 ut
398 3979 436 4026 liic
455 3975 537 4038 θῦριιζε
554 3977 611 4041 πρὸς
641 3986 696 4028 ΜΝ.
710 3979 791 4026 Baua.
1015 4037 1040 4050 ..
1076 4037 1081 4046 ¹

43 4038 96 4086 τὸν
115 4039 189 4102 ἣλιον,
204 4042 240 4090 ita
250 4043 318 4092 Nub.
329 4049 387 4092 632.
407 4040 489 4106 θύραζε
506 4040 563 4102 πρὸς
581 4043 611 4092 τὸ
673 4050 714 4094 77.
732 4045 798 4090 Male
814 4045 839 4090 in
857 4041 971 4103 prioribus
983 4038 1128 4094 editionibus
1138 4051 1193 4098 per·

45 4105 117 4164 φῶς.
126 4103 208 4156 Bsno.
218 4105 316 4170 θθραισι.
333 4109 394 4155 Cod.
405 4115 430 4155 et
441 4109 507 4156 Junt.
520 4107 609 4168 θύρασι.
641 4124 698 4156 sona
709 4107 852 4155 Mnesilochi
872 4105 945 4152 versui
964 4103 1018 4150 huic
1038 4101 1129 4161 praefixa
1149 4108 1194 4156 est,

43 4167 123 4214 Male
134 4170 275 4234 etiamapud
286 4171 354 4218 Suid.
365 4172 451 4234 legitur
462 4174 557 4230 θύρασιν
568 4187 610 4232 pro
643 4173 682 4220 ubi
694 4172 775 4235 Eurip.
786 4186 886 4235 persona
898 4166 1055 4216 continuanda
1063 4173 1107 4239 est.
1134 4162 1195 4211 Ver-

44 4232 166 4293 θύραισιν.
182 4235 212 4282 In
222 4237 335 4296 exemplo
346 4236 410 4297 quod
421 4235 510 4298 profert
520 4252 533 4282 e
549 4237 611 4283 Pace
642 4253 681 4284 sus
690 4243 771 4284 autem
782 4245 829 4282 tres
840 4243 967 4297 sequentes
978 4233 1007 4277 ad
1019 4229 1196 4277 Mnesilochum

42 4301 113 4344 942·
123 4295 169 4348 dut>
179 4299 253 4362 Regii
264 4299 343 4349 Codd.
355 4300 455 4354 habent,
474 4300 487 4346 d
503 4298 549 4361 γὰρ
564 4303 610 4354 βαι-
641 4301 770 4364 pertineut.
783 4299 864 4346 Kcsr.

44 4359 98 4419 θὼς
111 4359 196 4424 0666671
213 4364 252 4413 καὶ
269 4361 307 4421 δή·
340 4363 416 4410 Editt.
425 4363 548 4410 Venet.et
563 4365 611 4412 Ba·
675 4370 714 4414 86.
732 4363 781 4412 ἐπεὶ
797 4362 864 4424 τρίτη
880 4359 1071 4420 ’στὶθεσμοφορ
1104 4354 1197 4430 Exhinc

41 4433 115 4470 tavae
125 4427 223 4478 minores
233 4429 324 4478 habeut
334 4425 425 4492 θύραζε,
437 4429 501 4499 quod
510 4429 613 4490 pratulit
643 4430 695 4478 loco
706 4428 831 4492 colligitur,
846 4423 1081 4490 Tliesmophoiioruui
1094 4420 1199 4468 solenni·
