2914 4904
219 379 259 432 ιι
523 369 645 428 Nora
667 367 710 427 tn
734 364 1073 426 AlttsToPHnNaM.
1168 355 1372 440 [moa-me.

224 532 250 578 ιἰι
260 527 318 580 sani
328 527 387 578 boto
395 545 405 588 ,-
420 534 446 576 st
464 526 560 575 labente
571 535 678 589 tempore
689 527 778 590 napina-
812 523 909 590 depiles
924 538 1021 579 vacans,
1039 523 1099 570 Mea
1108 522 1161 585 ipse
1178 519 1366 570 tecta''semilan-'

225 596 292 642 tione
313 593 390 640 ascita
407 591 473 640 aliud
501 600 598 657 etymon
615 591 781 654 praetenditur.
813 590 899 652 gnidus
910 598 1003 650 petens,
1016 587 1088 634 Diem
1098 601 1182 648 eopore
1200 585 1278 634 diffidi
1293 587 1366 633 insiti

227 659 304 710 Antra
311 657 461 706 Morboainm
467 655 694 716 diritTrauqnillns3
704 653 782 716 [Flav.
812 655 856 709 tio,
866 654 1010 700 Horatianus
1020 651 1144 700 abdicator
1157 649 1209 698 allii
1224 651 1258 697 Et
1267 665 1367 698 exsecra·

229 723 305 785 Vesp.
315 735 337 768 o.
348 725 388 770 14.
407 720 447 768 ubi
464 728 543 767 tamen
553 719 702 767 Morbouiam
712 717 782 765 codd.
816 727 867 764 tor:
885 725 991 764 attamen
1006 723 1155 780 putaveram,
1171 714 1244 770 Quod
1261 715 1317 762 artis
1328 714 1365 761 illa

230 787 330 834 hahent.
371 781 709 844 V.0udend.D1nn.]quod
718 781 784 828 Dion
816 781 977 844 Pergamenus
995 786 1103 828 autumat
1120 778 1248 841 Magister,
1265 793 1367 826 essere·

229 850 255 897 in
271 851 375 912 epitoma
393 847 499 910 [Xiphil.
514 861 540 908 p.
550 847 619 910 tto.]
640 846 665 893 ἐς
684 843 785 906 κόρακας
816 860 876 901 rum,
891 852 916 891 et
925 845 982 891 allio
997 844 1055 891 honi
1065 843 1150 890 Inesse
1167 843 1214 888 vim
1229 843 1367 904 potentiam-

230 913 303 960 etlam
314 911 383 960 dixit.
414 913 477 959 Sane
493 911 557 972 qnod
567 910 629 956 malo
640 909 785 971 imprecatur
817 923 865 970 que
875 908 1004 970 pharmaci.
1044 907 1093 954 Sed
1104 907 1159 954 artis
1170 905 1241 968 hujus
1250 907 1367 954 estinanis

229 977 347 1040 Megaris,
372 975 454 1023 efficax
485 973 595 1020 habuisse
614 981 672 1035 puto
685 979 784 1020 vntum:
818 973 904 1028 exitus,
926 973 959 1018 Et
979 979 1090 1035 arguetur
1115 970 1191 1018 omnis
1211 970 1368 1034 AEsculapins.

229 1055 285 1088 nant
303 1041 392 1088 fiamus
409 1045 447 1086 eet
467 1043 552 1100 postea
569 1037 690 1098 popularis
706 1051 785 1082 eorum
819 1036 880 1082 Satis
891 1035 987 1082 docebit
997 1036 1060 1082 istud
1077 1049 1132 1082 usus
1147 1034 1239 1087 unicus,
1259 1033 1311 1081 Nec
1326 1034 1370 1082 ista

230 1110 306 1151 status
322 1103 446 1164 victusque
464 1108 502 1148 est
518 1099 548 1148 δι’
556 1099 651 1160 dantiae
661 1099 700 1148 nal
718 1100 786 1164 dunp-
819 1100 897 1155 rerba,
908 1101 949 1162 qui
958 1099 1017 1146 facit
1025 1099 1167 1162 perieulum,
1176 1097 1284 1148 Retellet
1293 1099 1368 1156 ullue;

230 1167 296 1229 χίον,
317 1173 344 1213 nt
357 1168 391 1212 ait
410 1165 553 1212 Aristoteles
571 1163 598 1210 in
617 1163 733 1211 Politicia.
744 1165 787 1211 Fu.
819 1163 1034 1226 etcruoreviperae
1052 1162 1199 1210 Nocentiora
1214 1175 1263 1208 non
1278 1163 1371 1224 negabit

229 1230 302 1292 Gna.
333 1231 376 1278 οὐκ
391 1228 525 1291 ὲςιιόριικιις
544 1226 786 1290 &massmanno
819 1227 884 1274 allia.
907 1228 1019 1276 :Venena
1029 1234 1100 1289 tetra,
1109 1226 1190 1274 toxica
1201 1226 1313 1281 efficacia,
1325 1226 1369 1272 Po-

229 1296 289 1342 teris
298 1294 396 1341 nomine
411 1293 496 1340 Suidaa
506 1309 530 1340 v.
540 1292 606 1354 φλᾶν
616 1298 636 1338 t.
646 1291 681 1338 iii.
693 1306 717 1354 p.
730 1296 786 1341 918.
819 1299 868 1338 teat
879 1306 994 1346 comesse,
1005 1292 1112 1353 quisquis
1124 1291 1206 1336 allium
1216 1296 1305 1352 potest.
1322 1289 1370 1336 Ne·

231 1357 315 1406 Dran.
355 1359 473 1467 Mspnpsis
489 1355 522 1404 B.
532 1355 596 1419 apud
606 1354 787 1402 Bruncltiumin
818 1369 888 1402 cesse
909 1355 1094 1418 Payllusatque
1108 1354 1206 1401 Marsus
1218 1361 1244 1398 ut
1261 1353 1312 1400 luat
1326 1353 1371 1400 Cui

232 1430 289 1469 nota
299 1423 331 1468 ad
341 1426 398 1470 479.
435 1439 460 1468 n.

264 1491 323 1536 494.
339 1485 458 1548 σκορόδοις
466 1482 589 1546 ἠλείψατε.
597 1483 691 1530 Scholia
698 1491 720 1528 :¹
730 1497 787 1546 qua·
820 1483 937 1545 nimisque
948 1483 1006 1530 dura
1018 1490 1072 1528 sunt
1082 1490 1107 1529 ct
1115 1481 1159 1529 ilia
1169 1481 1202 1542 Et
1211 1495 1261 1536 ora,
1273 1479 1371 1542 quisque

211 1548 255 1596 xui
263 1549 374 1596 alliorum
392 1548 522 1597 acrimonia
540 1547 642 1595 unxistis
659 1547 747 1594 Pacem
756 1548 787 1610 (i.
821 1549 993 1608 poenacredo,
1010 1547 1160 1593 vivereeet·
1178 1544 1259 1592 Satan
1273 1545 1372 1592 Creonte
1442 1544 1443 1567 ³

232 1625 257 1662 e.
269 1613 426 1660 exacerbastis
440 1627 492 1669 uos,
507 1618 536 1659 nt
553 1613 605 1659 Pax
625 1611 788 1674 turbarem).
819 1610 930 1672 pellicem
942 1609 1232 1674 CytaicaNurusliquore
1243 1615 1374 1656 muneravit
1443 1621 1444 1626 ¹

234 1677 296 1723 Sunt
315 1685 395 1724 autern
414 1677 491 1724 multa
507 1677 570 1738 apud
592 1675 658 1738 ipsos
677 1674 733 1722 allia
752 1674 789 1736 (v.
821 1674 879 1728 allii,
889 1673 1031 1736 Ducamque
1042 1674 1113 1736 pellis
1122 1671 1202 1720 aureae
1212 1679 1268 1720 ante
1276 1688 1373 1720 mancu-

234 1755 306 1804 snpra
315 1739 396 1803 m).
408 1740 441 1787 Et
451 1739 720 1800 videnturMegarenaes
730 1738 789 1785 belli
821 1753 878 1798 pem
887 1738 975 1784 Amore
983 1739 1075 1800 perdita
1087 1737 1193 1798 unguine
1202 1737 1246 1784 hoc
1257 1749 1373 1798 perunxe-

230 1804 368 1866 inoeptores
376 1803 460 1865 fuisse,
477 1810 572 1866 pmpter
581 1810 675 1864 raptum
685 1802 789 1848 meretri·
821 1809 867 1848 rat.
877 1801 936 1848 Pice
944 1801 1038 1848 alliatus
1048 1808 1090 1848 aut
1100 1801 1194 1862 picatue
1201 1801 1258 1846 allio
1266 1800 1372 1848 Charon-

234 1869 340 1916 cnlarum
348 1867 466 1930 Aspasiae,
472 1875 498 1914 et
505 1866 562 1913 inde
570 1872 644 1913 ortam
652 1866 713 1911 iram
721 1865 789 1912 Peri·
821 1865 854 1910 tie
866 1871 904 1912 cet
915 1865 1020 1912 faselus:
1039 1863 1301 1926 alliorum—Stygiaque
1315 1865 1373 1926 ripa,

235 1931 279 1978 elie
290 1940 315 1978 et
330 1931 383 1994 ejus
394 1937 475 1978 contra
489 1931 557 1993 ipsos
571 1929 695 1977 edictum!
718 1929 789 1978 v.in
823 1927 1286 1976 Ditieetsuhurhium.Senicicutadira
1295 1925 1374 1991 ‘sorpta

234 1994 340 2044 Acharn.
350 1999 408 2044 ⁶25.
424 1995 544 2042 Praeterea
559 1993 665 2054 loquitur
675 1992 706 2038 de
715 1991 789 2048 Pace,
823 1991 915 2038 Socrati
936 1993 1042 2040 lubente
1065 1991 1147 2056 judice
1174 1991 1230 2038 allio
1257 1992 1304 2038 fuit
1324 1993 1373 2039 lita

234 2066 349 2121 tanquam
358 2059 389 2106 de
405 2059 488 2119 puella
497 2057 609 2112 delicata,
626 2057 728 2102 odorem
738 2056 789 2103 allii
823 2055 918 2102 Menam
933 2055 973 2102 vel
984 2056 1074 2110 allium,
1090 2054 1156 2118 quod
1174 2054 1225 2101 orbi
1242 2055 1374 2120 Erinnydes

233 2129 368 2170 aversante.
384 2121 468 2168 Baro.
506 2119 790 2168 Alliornmetbnlbornm
823 2117 919 2166 Dedere
935 2119 995 2166 virus
1012 2127 1040 2166 ut
1049 2119 1116 2166 nefas
1132 2119 1193 2166 soret
1209 2119 1279 2165 hona
1296 2118 1374 2166 Detlm

232 2185 381 2240 feracissima
407 2191 446 2230 est
478 2183 627 2246 Megarensis
647 2183 721 2244 regio,
751 2185 789 2230 vel
823 2183 929 2244 parentis
938 2183 1130 2245 ingredisactarn
1141 2183 1245 2238 domum,
1257 2183 1373 2246 Foretqua

233 2256 296 2296 teste
308 2248 442 2296 Columella
450 2247 474 2297 in
485 2247 528 2295 lit.
544 2263 567 2294 x.
583 2247 614 2294 ad
625 2246 789 2294 Matronianum
821 2247 975 2306 crimenlallii
990 2262 1046 2294 cene
1062 2248 1176 2308 impium,
1192 2246 1265 2302 Quod
1283 2247 1378 2310 expiare

235 2313 385 2360 divinitatem
394 2310 524 2358 accedente
537 2311 572 2374 [v.
583 2311 651 2373 too]
668 2317 675 2338 ⁶
684 2310 789 2372 Megaris
820 2310 888 2356 nulla
897 2317 951 2358 ruta
960 2310 1060 2372 possiet,
1073 2311 1143 2358 Licet
1149 2311 1232 2374 jurare
1240 2310 1377 2374 fatuavipe-

235 2377 349 2438 genitalia
357 2376 448 2422 semina
459 2375 541 2422 bulbi.'
573 2373 621 2421 Sed
632 2373 788 2436 proculdubio
820 2373 935 2422 rasierat.
951 2373 1075 2423 Fr..Crrn.

235 2441 355 2488 miseriam
363 2447 389 2487 et
399 2446 530 2502 egestatem
543 2437 723 2502 Megarensium
734 2453 787 2485 era·
852 2441 910 2486 496.
927 2438 1027 2487 Comma
1056 2446 1125 2502 post.
1142 2437 1208 2500 λέγω
1237 2439 1377 2486 delendum.

235 2503 305 2567 girat,
331 2517 421 2566 eosque
438 2503 505 2550 velut
523 2501 640 2565 pauperes
658 2508 684 2547 et
703 2501 787 2559 olidos,
821 2500 887 2548 Nam
903 2502 1011 2565 pendent
1025 2504 1098 2550 verba
1115 2503 1164 2552 ἐντ.
1182 2504 1252 2566 ἔχομ.
1268 2505 1336 2565 qnod
1349 2505 1378 2551 ud

234 2567 324 2630 quique
343 2581 426 2630 pacem
439 2565 669 2614 misemaenssaoile
686 2567 788 2628 aspelle·
821 2567 1022 2615 constructionem
1050 2568 1137 2614 attinet
1157 2581 1172 2613 a
1193 2583 1234 2615 vv.
1255 2566 1324 2626 λέγω
1355 2586 1380 2615 τ.

235 2638 297 2680 rent.
331 2632 370 2680 Sic
381 2645 421 2694 ap.
432 2630 521 2678 Athen.
531 2631 548 2678 l.
567 2629 606 2676 vii.
627 2628 790 2690 Apollodorus
821 2627 901 2686 Ἀθην.
914 2631 1158 2690 seddictumestpro
1172 2629 1310 2680 παύσασθαι
1321 2634 1377 2693 ἐχο-

235 2695 362 2758 Carystius
372 2694 479 2758 exagitat
496 2695 576 2742 sordes
591 2701 616 2740 et
624 2692 730 2754 inopiam
747 2709 789 2741 eo·
821 2691 911 2752 μένους,
923 2695 949 2740 h.
957 2710 979 2744 e.
991 2712 1061 2743 παυσ.
1073 2697 1122 2743 ἐντ.
1135 2693 1242 2756 ἔχεσθαι,
1254 2697 1379 2745 adhoerere

235 2775 297 2816 rum,
311 2775 364 2822 quta
372 2760 491 2822 praecipue
508 2773 536 2804 er
548 2757 654 2805 allianum
669 2757 790 2818 frequenti
821 2757 908 2813 eliano,
920 2759 982 2806 unde
994 2759 1095 2806 trahitis.
1104 2758 1186 2806 Dina.

234 2823 362 2877 eaitatione
388 2823 503 2885 arguitur.
546 2821 598 2884 Ipsi
628 2819 789 2869 Athenienses
853 2825 910 2870 491.
928 2820 1043 2882 δικάζετε.
1060 2821 1135 2870 Aliud
1144 2823 1228 2878 voluit,
1237 2837 1329 2887 nempe
1338 2827 1379 2884 ἐμ-

235 2901 289 2936 cunt
310 2887 374 2934 fame
395 2887 427 2933 ali
444 2885 522 2933 nando
538 2890 709 2947 premerentur,
725 2885 789 2934 alliis
820 2883 929 2946 ποδίζετε
939 2887 1143 2949 velquideimlle.
1170 2887 1232 2934 Sane
1243 2885 1381 2936 Athenien-

235 2951 402 2998 vencebantur.
428 2902 543 2997 qUndein
559 2948 788 2996 Plutocontraleli-
821 2963 860 2995 ses
878 2958 953 3006 notat,
969 2957 997 2998 ut
1014 2951 1114 3012 litigium
1130 2950 1171 3012 qui
1187 2959 1278 3004 emant,
1297 2962 1328 2999 nt
1349 2953 1383 2999 ait
1443 2953 1444 2962 ¹

235 3013 297 3060 citae
307 3021 333 3061 et
350 3015 464 3060 bonorum
474 3013 545 3076 copia
558 3011 674 3067 innuitur,
691 3027 745 3059 cum
756 3013 790 3060 ait
819 3009 871 3076 ille,
888 3021 914 3060 et
925 3023 1005 3062 ament
1021 3015 1117 3072 forum;
1152 3029 1193 3061 nos
1211 3023 1342 3078 propterea
1356 3017 1382 3064 in

234 3077 318 3141 [sla]
330 3075 459 3139 σκοροδίοις
474 3077 502 3125 ab
517 3073 591 3125 λίθοις
601 3074 749 3140 hereditate,
762 3085 790 3125 ut
821 3076 955 3140 Vesperum
969 3079 1052 3128 fabula
1068 3029 1203 3140 φιλοδῖιιους
1220 3087 1247 3126 et
1264 3087 1381 3140 φιληλια-

234 3141 390 3204 intelligatur,
410 3141 488 3188 cibum
500 3155 566 3202 eum,
576 3140 619 3202 qui
628 3140 708 3200 palato
718 3147 789 3188 antea
821 3139 881 3190 crde
891 3143 921 3189 ab
931 3141 1032 3198 Heliaea,
1045 3143 1104 3198 soro,
1116 3143 1230 3190 nominat.
1251 3143 1298 3192 Fr..
1308 3145 1381 3196 Can.

274 3205 378 3252 tissimus
388 3212 447 3267 erat,
457 3220 521 3252 nnnc
532 3218 605 3266 quum
616 3203 705 3250 divitiae
714 3203 789 3252 abun·
821 3204 854 3252 V.
864 3205 927 3252 Aer.
937 3210 978 3255 to.
989 3207 1074 3258 Banu.

283 3276 300 3325 t,
319 3269 402 3318 utilem
413 3275 505 3316 tantum
523 3283 576 3316 esse
592 3269 622 3315 ad
640 3281 709 3314 usum
724 3269 788 3316 selle
853 3273 911 3326 499.
929 3271 972 3318 ὑπο
992 3269 1106 3330 opium.
1149 3270 1225 3319 Erant
1239 3271 1307 3318 enim
1325 3273 1381 3321 Me-

231 3331 362 3380 tamilia'ris.
394 3332 441 3380 Hic
451 3340 532 3380 autern
543 3329 648 3395 ἀλείφειν
658 3339 695 3378 est
705 3332 788 3392 brepsi-
821 3346 961 3392 gareneese
1023 3353 1053 3383 οι.
1086 3335 1132 3383 Sed
1152 3336 1381 3385 hicinnuitdena-

232 3395 790 3524 htehfflmsstlltittttiitli
820 3396 1384 3521 hittlhlutiltlltpsffilillht

163 3575 171 3582 ,
232 3523 297 3570 bello
314 3495 461 3572 victtnba'nt.
494 3523 543 3572 Vel
557 3522 618 3570 dixit
635 3521 743 3584 ολιίφειν
758 3524 788 3572 de
820 3537 902 3570 eorum
912 3526 1029 3586 potentia.
1046 3479 1194 3575 Vultaudcm
1204 3527 1267 3575 solos
1278 3531 1384 3576 colonos

233 3585 303 3642 alliis,
320 3599 347 3634 ut
367 3587 450 3636 Horat.
470 3585 637 3650 ‘perungere’
655 3592 688 3639 et,
708 3586 788 3634 ‘dona
820 3593 846 3632 et
862 3587 978 3649 agricolas
991 3589 1081 3638 Pacem
1093 3593 1226 3648 extrahere,
1243 3593 1318 3654 qnasi
1330 3593 1385 3642 locs

233 3651 291 3698 allio
297 3650 419 3699 delibuta!
431 3652 486 3708 Quo
493 3664 581 3713 genere
589 3649 704 3712 loquendi
710 3657 736 3697 et
744 3665 788 3698 noa
819 3651 938 3701 maritima
954 3653 1040 3701 iniecta
1056 3655 1162 3702 habeant
1177 3656 1265 3704 itinera
1280 3665 1385 3720 propter

233 3715 291 3777 olim
301 3715 339 3763 usi
354 3729 433 3762 numus
451 3714 477 3760 in
527 3713 622 3768 ernstio,
639 3712 703 3774 qnod
718 3715 788 3763 meria
819 3713 916 3776 piratae.
950 3717 1039 3765 Contra
1049 3719 1207 3782 litincampie
1217 3721 1375 3768 terrestribus

176 3837 182 3843 α
232 3778 318 3827 iambis
334 3777 468 3852 lusimnsin
485 3727 587 3832 dilium,
600 3775 674 3838 [Qnae
684 3792 789 3840 sequun-
819 3778 862 3840 qui
878 3781 946 3827 laetas
963 3789 1057 3844 segetes
1074 3783 1176 3831 educere
1192 3791 1322 3846 nequeunt
1336 3756 1385 3832 nisi

233 3849 279 3898 tur,
298 3839 570 3916 omisrtKust.Drnn.]
584 3840 648 3902 qnod
664 3840 786 3916 hicappo-
818 3841 845 3889 in
856 3843 905 3890 alta
914 3859 973 3907 pace
985 3851 1011 3892 et
1025 3847 1097 3893 rebus
1115 3847 1211 3910 quietis.
1242 3847 1385 3911 Propterea

232 3903 787 4029 mandatumst:
818 3905 1386 4037 tltitatnlhsizhtffhzhlffi

233 4030 264 4078 In
275 4031 364 4078 Allium
373 4031 447 4078 iambi
455 4031 517 4094 puri.
525 4031 607 4078 Meum
623 4032 704 4080 dolore
713 4033 786 4096 febris
818 4031 1029 4085 allent.1·'r..Cnn.
1070 4037 1124 4086 Hoc
1141 4039 1293 4094 rultdicere,
1314 4041 1386 4103 qnod

231 4095 309 4167 utitur
325 4101 406 4157 capnt,
421 4093 534 4143 Tremore
544 4095 651 4143 membra
666 4097 786 4160 palpitant
818 4097 874 4145 olim
885 4098 1063 4149 Demosthenes
1072 4117 1167 4166 semper
1182 4103 1307 4152 euadebat
1321 4121 1328 4150 :
1348 4104 1387 4152 ὅτι

186 4161 190 4170 “
233 4171 366 4219 rectprooo:
383 4157 654 4221 Necnllacausaquam
662 4161 786 4210 sciamest
817 4159 931 4212 ἄνθιιιτέο
946 4166 991 4222 τῆς
1006 4163 1135 4224 θαλάττης.
1155 4166 1241 4214 Bane.
1264 4168 1386 4230 Ingemin-

230 4221 303 4284 hujus
311 4221 376 4278 mali,
393 4222 449 4272 Nisi
458 4223 535 4272 alliati
549 4229 641 4272 amatus
650 4239 706 4274 cans
716 4239 784 4274 anae·
817 4241 870 4272 sum
880 4233 918 4274 eat
927 4227 999 4290 hujus
1007 4229 1056 4278 loci
1067 4245 1176 4287 acumen,
1188 4245 1237 4293 qno
1247 4233 1390 4280 submonet

230 4285 273 4332 ris.
305 4285 501 4351 scutatorum,
522 4303 551 4335 ao
571 4287 673 4336 nocebit
692 4288 783 4346 allium,
816 4287 1288 4358 Athenienseautmaritimarumopum
1300 4297 1391 4345 studio

229 4347 422 4425 Nocenasspore
433 4365 470 4426 me
478 4352 566 4427 fefellit
575 4353 648 4400 illice.
673 4352 703 4400 In
714 4354 782 4414 egri·
816 4366 841 4399 se
852 4353 983 4416 applicent,
1001 4357 1065 4420 quod
1077 4357 1210 4406 identidem
1219 4353 1259 4408 εἰς’
1275 4362 1390 4410 suadem

217 4425 330 4463 ,mentam
341 4421 386 4464 tstt
395 4429 530 4471 aenmonta,
542 4416 641 4468 Etinde
650 4416 701 4464 sole
713 4416 782 4466 torri·
815 4415 910 4466 solebat
919 4417 1102 4470 Themistocles.
1110 4421 1233 4474 Brunca.

820 1419 862 1466 illa
872 1419 937 1466 cordi
948 1433 1121 1466 amaresmara:
1143 1418 1283 1466 Vasconum
1296 1417 1371 1464 Nimis
1443 1451 1444 1472 ,
